2576 3936
558 247 627 300 V111
644 247 761 299 49—109
1100 247 1142 312 33

241 397 361 462 Infelix
376 395 523 460 Priamus
538 399 612 479 post
626 394 774 460 Herculis
789 418 878 460 arma
891 402 1042 464 nouerat:

191 492 228 546 80
247 485 368 545 Annua
381 481 570 564 persoluens
585 481 720 564 ingratis
735 503 869 544 munera
885 481 976 546 diuis·

241 564 530 632 Laomedontiades
546 565 697 649 capitolia
712 564 795 629 celsa
809 566 939 648 petebat

240 649 385 714 Reddere
400 653 478 713 uota
491 649 579 731 Ioui,
595 649 718 713 laturus
734 671 823 713 sacra
836 649 1014 716 Mineruae.

241 734 292 798 Ad
310 734 453 797 dextram
468 733 624 816 genitoris
640 736 709 797 erat
722 733 917 798 fortissimus
932 733 1068 818 Hector,

242 818 370 882 Troilus
386 817 427 880 ad
441 817 565 882 laeuam
580 817 698 901 pauido
715 819 888 882 comitante
904 818 1025 902 Polite,
1042 855 1044 864 ι
1152 853 1181 903 [μ
1191 855 1227 906 a]

190 915 227 964 85
247 902 361 968 Cetera
374 905 526 966 natorum
540 902 636 966 turba
650 902 787 986 stipatus
803 902 921 968 abibat.

240 987 399 1071 Reginam
414 986 537 1050 interea
550 989 698 1050 natarum
713 988 807 1051 turba
822 991 956 1052 coronat

241 1071 286 1137 Et
300 1071 434 1135 nuribus
449 1071 602 1135 comitata
616 1071 708 1135 uenit
721 1072 776 1154 pia
790 1075 868 1136 uota
882 1072 1079 1137 ministrans.

240 1155 309 1218 Rex
320 1154 481 1218 Helenum
493 1155 646 1239 sequitur,
658 1154 854 1220 Cassandrae
865 1160 968 1220 mater
979 1157 1141 1222 adhaeret.

240 1239 328 1303 Dum
335 1243 476 1324 pergrmt
484 1243 517 1303 et
526 1240 647 1322 templa
653 1244 777 1323 petunt,
788 1242 971 1324 prorumpit
982 1242 1017 1305 in
1025 1263 1141 1326 agmen

189 1336 227 1385 90
242 1324 358 1390 Pastor
373 1327 406 1388 et
419 1325 575 1388 attonitos
591 1323 675 1386 elata
689 1344 768 1387 uoce
784 1325 917 1388 salutat:

244 1407 313 1473 ‘sis
327 1408 406 1472 felix
421 1409 585 1491 princeps,
602 1429 712 1472 omnes
728 1408 848 1474 saluete
864 1408 988 1472 sodales

243 1495 312 1556 Aut
326 1492 442 1556 fratres
457 1496 494 1556 ut
508 1513 585 1556 uera
599 1491 711 1556 feram.
741 1495 776 1556 00
792 1493 909 1557 fortior
923 1491 1046 1557 Hector

243 1576 378 1642 Culmen
394 1581 427 1640 et
440 1577 529 1640 urbis
544 1598 640 1659 apex,
656 1581 689 1640 et
702 1577 826 1642 uiribus
841 1577 959 1641 indolis
975 1578 1076 1641 almae

241 1661 365 1744 Troile,
379 1661 481 1725 frater
495 1681 565 1744 ego.
598 1660 730 1724 fratrem
746 1661 929 1744 cognoscite
945 1664 1106 1729 uestrum..

189 1757 223 1805 05
243 1745 423 1810 Germanus
438 1767 508 1810 sum
523 1748 629 1809 uester
644 1765 704 1830 ego
719 1744 903 1828 Priamique
918 1767 1078 1830 propago,

240 1829 374 1894 Hecuba
387 1830 433 1893 mi
447 1829 603 1914 genitrix,
620 1829 750 1893 abdicor
764 1830 897 1894 crimine
912 1829 1003 1894 nullo

241 1913 366 1978 Paruus
380 1915 562 1978 Alexander
576 1919 687 1997 pastor
701 1915 842 1978 nutritus
858 1914 893 1978 iu
907 1914 973 1978 Ida.

241 1997 310 2062 Nec
325 2002 436 2081 pastor
453 1999 496 2062 sit
510 1999 585 2082 uile,
601 1998 756 2084 Phryges,
772 2019 832 2082 ego
848 1999 953 2083 iurgia
968 1999 1079 2063 diuum

242 2081 441 2165 Compressi,
456 2103 532 2146 nam
547 2083 604 2146 lite
620 2089 707 2147 caret
721 2105 771 2146 me
787 2083 890 2146 iudice
906 2082 1039 2148 caelum.

178 2178 228 2226 100
241 2165 275 2231 Si
291 2166 391 2230 credis
408 2188 561 2252 germana
575 2188 704 2248 manus,
719 2187 779 2230 nec
795 2171 898 2229 cetera
912 2167 999 2250 regis

243 2251 380 2316 Conscia
395 2251 492 2316 corda
513 2255 636 2334 negant
650 2272 710 2314 nec
724 2253 827 2313 mater
840 2250 959 2334 pignus
974 2250 1140 2315 abhorret:

241 2334 272 2399 N
275 2337 374 2400 oscite
390 2335 528 2419 depositi
542 2333 595 2398 uel
611 2338 696 2398 certa
711 2333 884 2417 crepundia
898 2334 1035 2398 fratria'

240 2417 375 2484 Dixerat
390 2425 423 2484 et
436 2423 534 2484 testes
550 2420 676 2504 generis
691 2418 826 2502 proiecit
840 2419 875 2482 in
890 2440 970 2482 arce.

241 2502 328 2568 Uera
342 2504 420 2568 fides
434 2505 537 2587 pietas
553 2505 703 2586 quatiunt
717 2525 792 2567 mox
807 2503 909 2566 corda
917 2507 1087 2586 parentum

178 2600 232 2675 100
242 2588 491 2686 Admissumque
505 2589 597 2652 nefas
612 2609 770 2685 generosa
783 2590 890 2651 mente
905 2589 1025 2652 fatetur
1048 2673 1054 2685 Ι

220 2693 224 2735 i
240 2671 832 2854 ξὲῗξςεειὶῃθὲῗειῖἓξο000οξἷοἳῖοῗοῗοΧ
841 2672 1072 2821 iiiriiiddizoems
1147 2785 1179 2835 [p.
1191 2785 1228 2836 411

241 2840 478 2924 Conuictusque
493 2845 585 2925 pater
599 2863 726 2905 uenram
745 2840 783 2904 de
798 2841 1050 2926 prolerogabat.

240 2924 442 3009 Obstupuere
458 2947 579 2989 omnes.
609 2929 713 2989 mater
727 2925 838 3010 ganisa
853 2926 997 3010 recurrit,

244 3132 276 3180 79
296 3130 416 3181 Infoelix
432 3128 436 3195 Ι
451 3136 569 3181 nouerat
586 3147 654 3182 corr.
667 3129 763 3180 Bacch.
782 3147 813 3181 m.
828 3131 867 3180 rh.
920 3133 953 3182 81
971 3131 1141 3181 Laumedon-

177 3195 267 3246 tiades
344 3199 377 3248 83
401 3198 524 3249 dextram
546 3215 615 3250 corr.
634 3213 669 3248 ecc
692 3197 764 3248 detr-
845 3198 878 3248 85
902 3197 1021 3248 Caetera
1045 3197 1140 3251 Bacch.

173 3268 312 3328 proposuit
330 3266 367 3315 Et
384 3281 433 3315 rex
485 3266 624 3317 91'foelix
641 3265 799 3330 Princcpes.
811 3281 879 3316 corr.
899 3265 917 3313 Ι
921 3263 955 3313 Μ
1004 3267 1036 3316 93
1056 3270 1083 3315 et
1101 3265 1142 3315 ui·

177 3331 254 3381 ribus
271 3332 377 3383 indolis
396 3334 467 3400 alme
486 3342 640 3398 corruptum.
676 3335 758 3382 latere
775 3333 877 3381 uidetur
895 3335 945 3382 lale
964 3335 992 3381 00
1009 3337 1039 3382 00
1056 3332 1104 3383 lux

176 3400 210 3450 94
234 3399 404 3463 cognioscite
482 3403 517 3452 90
538 3400 634 3451 Esuba
712 3401 744 3450 97
766 3401 888 3449 nutritur
969 3403 1016 3450 102
1040 3401 1142 3467 fratres

177 3481 246 3517 corr.
265 3465 362 3517 Bacch.
381 3484 411 3522 m,
429 3470 468 3518 rla
526 3470 575 3520 104
592 3484 664 3519 mors
682 3483 750 3521 corr.
763 3466 781 3515 I
786 3466 818 3516 M
874 3468 920 3518 106
939 3467 1054 3532 pallidis
1072 3484 1141 3519 corr.

177 3533 230 3585 IM
300 3535 349 3585 108
367 3536 488 3600 negabat
506 3553 574 3590 corr.
592 3535 645 3586 IM

225 3625 358 3665 nuceum
370 3627 481 3668 carmina.
542 3667 546 3680 ,
924 3624 940 3672 3
