2576 3936
513 263 554 315 rx
572 269 672 318 rs-u
1029 267 1071 333 53

170 417 223 481 Da
233 409 372 498 ueniam,
384 414 521 480 iuuenis.
538 436 691 500 magnum
698 417 1070 502 estpunissetriumphos

119 515 155 566 50
171 499 337 566 Hectoris:
352 498 415 563 hoc
430 502 480 562 sat
494 499 555 564 erit
570 500 656 583 quod
670 501 709 564 de
725 501 848 568 uictore
861 501 1053 586 triumphas.

171 585 242 649 Iam
256 583 363 647 luctus
378 587 530 648 conuerte
545 588 618 648 tuos
633 584 674 649 ad
688 585 805 671 gaudia
819 586 933 669 uictor,

174 667 300 734 Gaudia
315 667 371 750 qui
385 667 570 752 Phrygibus
585 669 697 734 sollers
712 670 747 734 in
761 671 876 734 funera
890 671 997 738 uertis.

171 751 290 817 Infelix
305 752 378 835 plus
394 750 492 816 Troia
505 753 608 837 gemit
622 775 718 836 quam
732 753 839 838 perdit
853 753 997 818 Achilles

173 835 303 901 Fortior
318 835 415 900 occisi
430 857 627 922 consurgens
642 837 729 902 ultor
744 839 847 903 amici.
984 901 987 910 ,

122 935 156 984 cc
172 919 324 986 Infremis
338 920 516 985 Aeacides?
539 921 594 1004 qui
615 922 757 986 uindicet
770 921 911 987 Hectora
930 925 1071 989 nonest.

174 1008 268 1068 Anne
284 1003 383 1068 Parin
396 1003 529 1069 fortuna
542 1005 656 1070 iuuet?
671 1007 726 1091 qui
742 1007 830 1072 crine
845 1005 988 1071 madenti

172 1089 262 1154 Inter
274 1087 435 1172 lanigeras
450 1089 569 1174 gaudet
583 1090 713 1154 latuisse
728 1091 851 1174 puellas

172 1172 205 1238 N
207 1193 243 1236 ec
257 1177 360 1236 mater
374 1171 558 1237 ueneranda
572 1173 662 1239 iubet
677 1175 764 1258 quod
778 1175 882 1240 laudis
896 1174 1014 1240 hebere

172 1257 245 1322 Hoc
260 1257 329 1340 egit
343 1261 377 1320 et
390 1277 533 1342 pugnam
547 1256 698 1323 thalamis
713 1263 840 1323 exercet
854 1259 979 1323 adulter

122 1356 158 1406 60
172 1341 308 1406 Pectore
325 1341 476 1405 femineo.
498 1339 635 1414 Ueneris
649 1363 725 1406 nam
740 1341 825 1406 bella
839 1342 967 1406 lacessit

175 1425 223 1490 Ut
236 1424 350 1490 Martis
366 1425 505 1489 declinet
520 1446 600 1510 opus
615 1426 667 1490 uel
682 1426 821 1491 fulmina
836 1427 941 1509 campi

173 1509 327 1593 Effugiat.
348 1530 530 1594 magnoque
543 1514 630 1575 tacet
644 1510 754 1575 dotata
767 1510 923 1594 Lacaena,

174 1593 240 1664 San
264 1593 340 1656 uine
354 1593 585 1678 Troiugenum,
601 1593 736 1658 Graium
750 1594 860 1658 dotata
875 1615 996 1658 cruore.

174 1613 340 1741 Dardanio
378 1678 428 1742 uis
442 1699 553 1741 murus
568 1678 629 1742 erit
642 1682 717 1762 post
731 1677 872 1742 Hectora
888 1699 1011 1762 campo,

124 1775 158 1824 66
174 1761 338 1826 Aduersus
352 1697 483 1826 genuus
499 1761 570 1843 quis
586 1761 744 1846 Pergama
757 1764 842 1827 fessa
855 1765 974 1845 tuetur,

175 1845 342 1929 Puppibus
357 1845 518 1930 Argolicis
533 1845 693 1932 Phrygios
708 1847 781 1932 quis
796 1847 914 1932 diriget
927 1847 1029 1932 ignes,

175 1929 254 2005 Quis
269 1929 443 1994 Telamone
458 1933 562 1993 satum
579 1935 732 1997 constans
752 1933 893 1997 umbone
907 1935 1075 1997 tonantem

177 2013 322 2078 Sustinet
335 2017 392 2078 aut
405 2013 521 2078 Teucri
535 2016 653 2082 tolerat
666 2038 724 2100 per
738 2017 823 2081 bella
837 2017 995 2100 sagittas?
1081 2038 1112 2086 [r.
1125 2039 1160 2088 ss]

177 2095 255 2173 Quis
269 2098 373 2162 hostis
388 2097 553 2164 Diomedis
570 2100 645 2183 erit,
661 2121 742 2184 quae
757 2105 864 2164 turma
878 2101 1041 2164 furentem

126 2195 159 2244 70
172 2181 303 2264 Excipit
317 2181 353 2245 in
367 2182 505 2264 clipeum
521 2203 656 2268 surgens
671 2205 744 2247 cunr
758 2183 888 2248 torserit
902 2182 1028 2265 hastam
1139 2239 1144 2255 ,

176 2265 318 2329 Turbine
333 2266 513 2351 belligero?
535 2269 607 2350 quis
621 2289 688 2332 non
703 2267 772 2332 sine
787 2267 920 2331 uulnere
935 2267 1055 2332 fractus

177 2347 326 2413 Concidit
341 2354 373 2413 et
387 2351 528 2414 moriens
542 2351 763 2416 tremibundos
801 2351 917 2436 orrigit
931 2350 1043 2416 artus?

178 2432 332 2516 Tydidem
347 2435 475 2499 Aeneas
488 2435 615 2500 rediens
630 2436 665 2499 in
679 2435 764 2500 bella
777 2374 922 2518 facesset,

176 2518 208 2579 A
222 2537 285 2600 quo
300 2517 406 2582 uictus
421 2519 502 2602 abit,
518 2521 574 2602 qui
588 2520 750 2604 impressit
765 2520 901 2584 uulnera
915 2518 1034 2583 matri?

127 2613 161 2662 76
175 2599 260 2666 Nam
275 2602 404 2667 niueam
418 2603 532 2666 lusisse
546 2604 610 2668 fuit
623 2605 679 2687 pla
701 2625 755 2668 are
771 2603 942 2688 Cytheren.

176 2683 333 2770 Pergama
347 2686 451 2751 Pelidi
465 2687 569 2752 fateor
583 2692 658 2772 post
671 2625 814 2755 fiectora
827 2691 965 2753 nactum

176 2767 253 2834 Non
268 2770 390 2836 bellum
404 2771 460 2835 sed
470 2773 589 2854 praeda
600 2776 712 2856 petent
724 2778 889 2856 spectante
901 2772 1075 2856 triumpho.

181 3027 215 3074 55
234 3025 346 3076 escides
415 3027 448 3076 66
466 3026 545 3076 iubet
562 3041 632 3077 corr.
645 3027 742 3078 Buert.
757 3026 762 3094 1
778 3005 883 3079 crimen
901 3028 996 3078 edenti
1008 3041 1078 3076 corr.

113 3089 209 3141 Buccis.
278 3093 311 3141 58
328 3092 448 3144 habetur
468 3110 537 3144 corr.
558 3093 652 3148 cneco.
721 3097 754 3146 62
776 3097 853 3146 iacet
873 3111 942 3146 corr.
962 3093 1060 3144 Buect.

114 3159 148 3208 64
168 3158 309 3209 Dardanis
327 3176 394 3210 corr.
412 3159 509 3215 Bueclr.
578 3163 611 3211 66
629 3163 778 3227 phrygibus
800 3179 868 3215 corr.
886 3161 983 3214 Buecb.
1045 3160 1077 3209 71

114 3229 150 3276 nc
208 3226 383 3291 eurydicen
403 3225 408 3293 Ι
428 3228 542 3279 lacessit
559 3229 738 3284 corchect.
807 3233 840 3280 74
858 3228 976 3278 uulnens
1045 3227 1078 3277 76

114 3298 226 3346 nectum
243 3309 312 3346 corr.
330 3294 428 3346 Buect.
