2576 3936
519 231 573 280 VII
591 233 692 282 30-88

190 378 303 464 Iungit
317 379 497 444 amoriferis
511 400 569 462 per
582 379 665 446 festa
679 379 800 463 iugalia
814 381 939 464 palmia,

192 462 283 528 Cana
297 464 375 528 fides
389 464 555 547 pietasque
569 463 683 547 iugent
699 469 731 527 et
745 467 833 528 casta
846 465 1006 549 uoluptas

140 561 176 609 ao
193 548 335 612 Brachia
348 549 572 632 constringant
587 550 704 612 celeres
718 549 828 620 uisura
841 555 985 633 nepotes,
1047 604 1051 610 .

193 633 348 698 Pronuba
361 631 443 696 Iuno
459 633 551 696 uenit
563 632 702 698 fecunda
717 635 802 696 sorte
818 635 972 698 maritans

190 717 352 802 Lanigera
367 718 540 781 comitante
556 717 615 781 dea
628 720 779 801 pernota
792 715 950 800 Minerua,

193 801 439 885 Concordesque
454 801 550 865 simul
566 803 729 866 celebrent
742 802 797 885 pia
811 823 900 866 sacra
913 801 1049 867 Dionae.

192 884 260 950 1111
274 888 392 950 canant
405 886 554 969 iuuenes,
570 885 633 950 hoe
647 889 780 950 cantent
794 907 922 950 carmen
937 885 1064 950 adultae

143 980 177 1030 65
192 969 237 1034 nt
252 969 386 1054 simplex
401 972 489 1034 aetas
503 970 596 1054 pueri
611 973 804 1052 teneraeque
819 971 954 1054 puellae,

192 1052 336 1119 Cantitet
349 1053 412 1118 hoe
428 1057 598 1118 ueteranus
613 1076 719 1138 amor,
736 1056 913 1118 reuerenda
928 1058 1073 1119 senectus

193 1137 331 1205 Cantetz'
341 1141 466 1202 amator
481 1139 541 1203 erit
556 1139 612 1222 qui
626 1161 695 1203 non
710 1139 847 1203 cantarit
862 1160 997 1222 amores,

193 1221 307 1287 Nescit
321 1223 406 1286 enim
422 1223 552 1287 senibus
566 1223 696 1287 ueniam
712 1223 831 1287 donare
847 1222 980 1307 (lupide.

195 1309 259 1372 Ast
273 1328 333 1392 ego
349 1307 405 1391 qui
419 1329 544 1390 nequeo
561 1310 673 1390 captus
688 1329 759 1372 mea
773 1307 896 1390 plectra
910 1329 1040 1372 mouere

143 1403 177 1452 70
192 1391 341 1456 Carmine
356 1391 510 1474 sollicite,
527 1391 680 1456 dederant
695 1391 770 1476 quia
785 1392 926 1455 carmina
942 1391 1058 1473 clades,

192 1476 238 1540 Et
252 1477 347 1540 modo
363 1476 408 1539 sie
422 1477 547 1559 positus
563 1473 739 1559 Cythereae
755 1475 901 1540 cantibus
916 1477 1031 1540 absens

196 1559 360 1625 Sollicitus
374 1560 510 1644 pauidus
531 1561 726 1626 temerarius
734 1561 848 1624 anxius
870 1560 984 1643 audax,

194 1643 242 1708 Ut
255 1648 350 1708 uacat
364 1645 517 1728 expositis
531 1650 606 1728 post
619 1646 743 1729 proelia
757 1645 849 1709 miles
864 1645 904 1709 ab
920 1645 1016 1708 armis

196 1727 330 1793 Saucius
346 1731 441 1812 atque
453 1749 583 1813 gemens
595 1751 659 1812 quo
675 1729 828 1813 languida
840 1729 975 1792 uulnera
987 1729 1095 1792 curet:

146 1825 180 1874 75
196 1812 337 1878 Classica
351 1813 378 1878 si
393 1814 507 1878 subitis
521 1813 641 1878 feriant
656 1814 860 1898 clangoribus
875 1835 977 1896 aures,

196 1897 227 1962 It
242 1898 347 1981 dolor,
363 1898 412 1962 ira
425 1899 523 1981 redit,
542 1920 599 1963 ceu
615 1899 679 1963 iarn
694 1900 738 1964 sit
750 1900 848 1984 plaga
862 1899 1003 1980 cicatrix,

196 1981 353 2046 Redditur
368 1987 400 2048 et
414 1984 536 2048 saniem
551 1984 636 2048 sistit
649 1985 741 2048 furor
755 2005 844 2048 arma
858 2003 1038 2067 reposcens,

197 2065 252 2130 Fit
266 2067 423 2132 medicina
437 2068 542 2152 furor,
558 2068 650 2133 furor
664 2074 713 2133 est
726 2090 792 2132 uox
805 2072 925 2132 tessera
939 2065 1053 2130 Martis

197 2150 243 2215 Et
257 2151 332 2216 dare
347 2152 411 2216 iem
426 2153 577 2216 membris
593 2153 671 2217 dicit
683 2153 763 2216 tuba
776 2173 874 2234 rauca,
894 2151 1039 2214 salutem.

150 2249 184 2298 80
198 2237 266 2299 Aut
280 2237 371 2300 uelut
385 2258 457 2300 acer
472 2259 572 2322 equus
587 2237 664 2300 circi
677 2237 755 2320 iuga
768 2235 851 2298 ferre
868 2235 1000 2316 dicatus,

199 2319 312 2384 Orbita
325 2321 498 2405 cornipede
515 2321 659 2404 sequitur
674 2342 769 2404 quem
784 2319 880 2383 ducta
891 2317 1013 2401 uolatu,
1107 2339 1137 2392 [p.
1151 2335 1184 2388 11]

198 2403 233 2468 si
247 2403 349 2469 fretus
363 2407 494 2489 propria
508 2406 640 2470 leuitate
654 2404 776 2469 fauoris
792 2404 940 2468 alumnus

198 2487 276 2552 Plus
292 2494 344 2553 eat
358 2490 393 2552 in
407 2489 516 2554 frenos
532 2494 564 2554 11
580 2489 725 2554 concitus
739 2510 798 2552 axe
814 2509 931 2552 sonoro

199 2573 347 2637 Pulueris
362 2574 397 2637 in
411 2575 530 2638 nubem
545 2574 676 2638 radiatis
692 2573 824 2638 orbibus
838 2575 926 2636 actas

150 2669 183 2718 85
198 2657 346 2742 Accipiat
360 2661 435 2740 post
449 2680 542 2724 crura
556 2662 642 2723 rotas
658 2662 690 2736 et
704 2661 833 2722 corruat
847 2658 939 2739 ictus,

200 2740 276 2806 Mox
292 2743 433 2806 studium
449 2743 536 2807 calor
551 2743 655 2808 omnis
670 2743 738 2807 abit
752 2743 928 2827 plangente
945 2739 1054 2804 dolore

198 2826 344 2890 Aduersa
358 2826 532 2910 plaudente
547 2850 644 2892 manu
660 2828 857 2910 stabulisque
872 2826 1024 2890 refertur:

198 2909 355 2975 Hinnitus
370 2912 397 2974 si
412 2910 497 2976 forte
512 2915 629 2976 sonent
643 2912 858 2995 strepitusque
873 2913 1017 2975 rotarum

1156 1955 1270 1989 ,αι-*ΝΡ

203 3049 237 3098 59
255 3049 369 3112 iungant
432 3049 463 3098 61
483 3049 604 3098 secunda
623 3049 799 3100 corr.l>'aeelr.
869 3051 901 3099 63
919 3048 1007 3098 Dione
1068 3046 1100 3097 66

138 3113 260 3165 Cantilet
272 3117 441 3168 roraBuecb.
493 3119 525 3166 69
539 3131 628 3180 neque
641 3117 694 3166 hoc
707 3125 789 3182 aptus
802 3116 970 3168 cornBuecd.
987 3114 991 3176 Ι
1007 3112 1100 3177 plecta

136 3185 203 3234 -71
223 3184 354 3248 cytherea
406 3187 438 3234 72
457 3183 568 3236 tabidus
620 3187 651 3235 73
671 3187 707 3236 Et
724 3191 808 3234 uacat
865 3180 950 3247 7111]
970 3181 1013 3230 his
1031 3195 1101 3231 corr.

135 3249 233 3300 Bneclz.
303 3254 334 3303 77
353 3251 468 3302 Raditur
486 3268 553 3302 corr.
573 3251 669 3306 Bacch.
739 3255 771 3303 78
790 3257 899 3302 tessara
966 3251 998 3300 79
1017 3246 1101 3298 discit

136 3333 205 3370 corr.
224 3317 319 3370 Bacch.
389 3323 422 3371 82
444 3319 590 3369 uoluntate
612 3337 680 3373 corr.
703 3320 800 3370 Bacch.
874 3319 908 3367 et
929 3317 1056 3366 radiatus

135 3386 168 3434 85
192 3401 295 3436 cornua
313 3403 394 3450 supra
414 3387 488 3436 ictus
505 3387 578 3438 uerti
594 3391 683 3439 literae
701 3389 849 3440 nouissimus
866 3388 1029 3449 corruptelae
1051 3387 1102 3448 sip-

137 3468 205 3516 aum,
228 3455 255 3502 in
273 3457 325 3516 fine
348 3471 437 3506 aereus
459 3471 485 3522 ¹1⁸
504 3457 612 3520 positum
635 3464 672 3507 eat
759 3457 792 3505 86
816 3452 893 3504 dolor
911 3453 999 3502 omnts
1017 3451 1102 3501 habet

136 3534 204 3572 corr.
227 3520 321 3574 Bueclr.
390 3524 423 3574 87
441 3522 564 3574 Aduerso
