2576 3936
204 261 244 324 12
541 261 824 314 coaraousasra

230 408 242 428 ⁹
267 411 375 475 Turba
390 412 600 494 superborum
615 412 734 474 sineret
748 411 775 474 si
790 411 885 474 turba
900 410 1069 490 clientum,

267 495 330 570 Qui
345 495 478 580 dignum
493 497 613 560 seruire
628 501 746 578 putans
760 495 912 579 indignus
927 494 1064 558 habetur

267 577 329 643 Uel
344 579 508 644 fastiditur
522 581 666 663 supplex.
694 579 843 642 inimicus
857 583 891 643 et
904 579 1007 643 hostis

267 663 387 728 Diuitis
402 664 549 748 arguitur
563 685 685 747 pauper
700 663 755 746 qui
770 667 848 727 uota
862 663 987 726 clientis

218 761 251 809 60
265 751 373 812 Ausus
387 749 505 813 habere
520 749 617 813 miser
630 769 691 812 nec
705 749 785 812 haec
799 751 908 811 tamen
923 748 991 829 ipse
1010 750 1153 810 meretur
1160 798 1171 830 ‚

267 832 329 897 Sed
343 833 464 916 probus
475 834 633 897 horretur.
657 832 803 897 domibus
816 831 919 916 magis
931 831 986 895 ille
996 834 1170 913 potentum
1221 845 1231 864 ⁸

266 916 364 980 Liber
377 917 498 980 amicus
514 917 574 980 erit
611 917 733 1000 uisquis
748 916 821 980 uult
835 937 902 980 esse
918 916 1060 997 satelles,

268 999 338 1075 Quo
358 1004 526 1083 praesente
545 939 636 1064 naias
657 1000 868 1064 committitur
887 1004 982 1082 atque
1003 999 1124 1081 siletur,

267 1087 335 1148 Aut
350 1085 452 1148 scelus
466 1083 529 1148 hoc
544 1085 571 1148 si
585 1084 670 1148 forte
686 1088 780 1150 sonet
793 1088 903 1148 tamen
917 1083 972 1147 ille
987 1084 1121 1167 negabit

218 1182 256 1234 65,
267 1168 389 1251 Sponte
409 1173 521 1252 petens
541 1172 704 1233 tormenta
729 1189 837 1233 cruces
862 1190 920 1252 per
939 1168 1082 1316 rtnembra
1106 1190 1168 1250 per

909 1274 944 1316 ar
960 1274 997 1316 us

268 1335 440 1401 Carnifices
455 1337 598 1402 flammas
613 1338 744 1422 proprio
760 1339 876 1401 satiare
892 1359 1018 1420 cruore,

268 1419 412 1484 Tortoris
427 1421 557 1485 laudare
573 1443 719 1504 manum,
734 1443 793 1504 pro
810 1421 908 1485 diuite
923 1443 1043 1505 poenas

268 1503 302 1567 Si
318 1505 453 1587 patitur,
469 1506 496 1568 si
511 1506 618 1569 uincla
633 1525 747 1589 gerens
763 1506 924 1589 ergastula
941 1505 1076 1588 perfert,

269 1587 309 1652 Se
319 1591 452 1671 reputet
467 1589 624 1653 cruciasse
639 1589 720 1653 alios
735 1593 772 1653 ut
786 1590 921 1653 crimina
935 1590 1055 1672 celent,
1091 1625 1094 1630 ·

219 1685 252 1733 το
273 1671 315 1738 Ut
328 1672 403 1736 talis
418 1672 507 1737 diues
523 1674 627 1757 qualis
642 1674 806 1738 mendicus
822 1675 923 1738 amari

267 1755 375 1820 Possit
389 1760 421 1820 et
435 1757 549 1822 infelix
564 1758 605 1822 ad
620 1759 754 1822 crimina
769 1759 915 1823 conscius
930 1780 1008 1842 esse,

268 1838 315 1904 Ut
328 1843 461 1904 teneant
474 1841 583 1904 fauces
599 1844 742 1906 obsessas
757 1847 852 1907 nocte
866 1843 1023 1926 latrones,

267 1924 336 2000 Aut
350 1924 457 2008 pelagi
471 1924 599 1989 rabidos
614 1925 729 1990 fluctus
744 1927 848 2010 pirata
863 1930 999 2011 uagetur

267 2007 336 2071 Nec
351 2008 464 2072 timeat
479 2009 601 2072 ualidas
617 2011 675 2073 sub
690 2013 880 2094 tempestate
895 2011 1051 2094 procellas

219 2103 250 2152 75
265 2091 389 2155 Praedo
397 2141 406 2174 ,
428 2092 519 2156 iuuet
532 2094 681 2177 petulans
695 2098 732 2158 ut
746 2095 925 2159 luxurietur
939 2095 1064 2159 adulter

267 2176 311 2240 Et
325 2180 440 2241 tractet
455 2177 493 2241 de
509 2178 597 2242 clade
612 2179 675 2242 uiri
690 2178 728 2242 de
744 2183 848 2244 morte
863 2180 985 2243 mariti:
1181 2245 1187 2256 ,

268 2259 393 2325 Ultima
406 2283 486 2326 cena
501 2262 594 2326 datur
609 2286 705 2346 quam
719 2267 861 2347 praestat
875 2263 1020 2328 adultera
1035 2265 1154 2329 coniux

267 2344 388 2409 Pocula
402 2346 569 2411 mortifero
586 2369 792 2431 corrumpens
806 2348 925 2412 blanda
938 2370 1075 2431 ueneno,

267 2428 350 2493 Cum
365 2429 484 2514 gaudet
498 2431 651 2513 conuiua,
666 2432 759 2514 perit.
791 2454 863 2516 spes
879 2433 1014 2496 crimina
1028 2433 1116 2498 ducit

217 2524 250 2573 80
264 2511 319 2577 Fit
331 2513 458 2578 facinus
473 2536 545 2578 cum
560 2515 650 2579 lucra
663 2519 794 2598 petunt,
813 2517 943 2600 impune
958 2517 1059 2582 libido

109 2612 141 2658 [n.
155 2607 189 2654 1³]
268 2595 355 2660 Dum
370 2619 503 2679 peccare
518 2621 556 2663 cu
580 2599 607 2662 it
621 2599 739 2663 uindex
753 2599 941 2665 subducitur
955 2605 1070 2679 omnic,

268 2679 370 2754 Quem
384 2682 515 2763 perimit
529 2621 588 2746 sui)
603 2682 715 2747 fraude
730 2706 812 2748 reus.
843 2685 1021 2769 cuicunque
1035 2686 1138 2750 furori

266 2763 326 2828 Est
340 2786 456 2848 operae
471 2767 626 2850 pretium,
642 2773 773 2851 sperant
787 2791 845 2832 sua
881 2771 1000 2833 raemia
1015 2770 1137 2853 culpae.

268 2845 433 2913 Conicitur
448 2845 626 2935 cuicunque
642 2853 728 2917 bono
744 2852 830 2937 quod
872 2855 973 2918 assius
988 2855 1095 2937 inquit

271 3003 304 3052 56
323 3001 427 3068 Turba]
452 3009 531 3056 tanta
549 3009 661 3058 conicias
678 3011 719 3057 ael
745 3011 823 3057 torua
846 3011 887 3057 uel
907 3010 985 3058 simile
1004 3011 1065 3073 quid
1132 3012 1165 3060 57

204 3068 277 3132 Quid
291 3070 402 3134 dignum
414 3088 483 3126 cerr.
492 3072 588 3126 Bacch.
636 3076 669 3126 58
680 3075 828 3125 fastidiens
838 3090 907 3127 corr.
918 3075 1014 3130 Bacch.
1062 3077 1095 3126 60
1113 3091 1165 3126 nec

203 3142 295 3185 tamen
319 3139 492 3192 rcrr.Buecl.
562 3145 593 3192 61
618 3143 676 3192 Nec
694 3147 786 3193 tamen
809 3143 870 3206 ipsc
889 3148 1006 3193 meretur
1023 3151 1082 3193 ante
1100 3144 1166 3192 hunc

203 3219 301 3252 uersum
315 3209 425 3308 repertita
439 3209 511 3258 uides
525 3215 657 3275 notamque
672 3213 835 3274 corruptelae
847 3213 993 3272 praefixam
1053 3211 1086 3260 63
1103 3226 1164 3275 pre-

204 3321 304 3382 sente!
324 3324 431 3403 neppas
516 3328 549 3375 64
570 3327 685 3390 negauit
703 3343 771 3379 corr.
789 3327 884 3378 Bacch.
969 3328 1003 3377 68
1021 3327 1166 3394 ergastula

203 3404 296 3468 portet
314 3408 491 3458 eorr.Buecl1.
555 3410 587 3458 69
606 3409 678 3458 celet
695 3426 763 3461 corr.
781 3411 877 3462 Bacch.
939 3415 972 3462 70
988 3414 1097 3476 spatium
1115 3428 1166 3462 non

202 3473 315 3522 relictam
375 3473 621 3537 71P0sser1ess0
684 3479 715 3526 72
735 3479 848 3528 obsessa
898 3481 944 3530 '⁷5
962 3478 1070 3530 Praeda
1087 3479 1167 3528 uiuet

203 3540 234 3588 77
255 3554 322 3604 cena
391 3543 424 3590 80
441 3540 483 3589 Ad
501 3556 569 3591 corr.
588 3541 681 3592 Bueelr.
752 3547 784 3596 83
804 3561 918 3610 sperans
936 3561 1003 3596 corr.
1022 3545 1120 3601 Bueclr.
