2576 3936
221 247 260 311 1ss
583 244 865 296 couraousasra

283 396 446 462 Sollicitus
460 394 580 459 multos
594 393 711 457 metuit
726 414 821 475 quem
835 394 931 476 turba
946 398 1091 475 ueretur,

284 479 493 546 Circumdant
507 478 630 559 famuli,
646 479 753 560 plures
769 477 931 560 stipantur
945 477 1049 541 amici.

222 579 271 628 180
285 564 406 629 Diuitis
418 563 572 647 obsequio
585 561 748 625 concurrit
761 563 856 625 turba
867 561 1030 643 clientum,

283 649 336 714 Sic
350 649 413 712 iter
427 651 556 730 aptatur
570 645 623 709 uel
638 645 792 709 transitus
807 645 862 708 ille
884 651 1026 729 paratur,

283 733 411 797 Audeat
425 737 462 795 ut
476 731 585 795 nullus
600 729 663 793 hoc
677 733 902 812 praetereunte
917 731 1038 795 uenire.

266 970 430 1044 Quaestio:
449 969 495 1032 At
507 967 647 1049 inquies:
667 965 723 1031 sed
735 967 844 1048 potest
857 984 1011 1032 uenenum
1025 983 1149 1050 pauper

391 1055 489 1124 diuiti
502 1057 626 1121 secreta
639 1055 824 1137 obreptione
839 1071 1021 1137 supponere.

285 1211 382 1275 Tetra
395 1231 522 1273 uenena
536 1173 608 1272 neci
622 1209 725 1292 pretio
742 1207 864 1272 inaiore·
878 1211 1033 1305 parantur

284 1295 329 1360 Et
342 1316 459 1370 munus
474 1296 595 1358 secreta
608 1293 713 1358 fouet:
730 1293 801 1377 quis
816 1314 962 1356 conserus
977 1315 1120 1376 unquam

225 1393 271 1442 185
286 1379 496 1462 Incorruptus
512 1378 586 1461 erit,
603 1378 658 1462 qui
673 1399 740 1442 non
755 1377 797 1441 sit
812 1382 897 1441 sorte
913 1377 1097 1461 redemptus

287 1464 447 1539 Quantam
457 1463 546 1526 diues
556 1462 824 1545 habetquantam
830 1483 890 1524 nee
901 1483 1024 1545 pauper
1031 1461 1191 1527 habebit?

285 1547 377 1612 Adde
393 1546 479 1632 quod
492 1546 605 1610 infelix
619 1568 743 1630 pauper
757 1567 817 1610 nec
831 1550 927 1610 nocte
941 1546 1142 1628 propinquat

285 1631 406 1696 Diuitis
421 1631 462 1694 ad
476 1635 608 1698 tectum.
638 1653 713 1694 nam
729 1653 804 1695 mox
818 1652 877 1714 pro
893 1631 964 1694 fure
984 1635 1123 1712 tenetur,

285 1716 471 1781 Nocturnus
487 1716 734 1801 grassaturam,
750 1714 885 1779 ferietur
898 1714 1030 1778 inermis

226 1814 274 1863 190
289 1801 333 1865 Et
347 1804 526 1885 prostratus
541 1801 635 1883 inops
649 1799 826 1863 armabitur
841 1820 916 1862 ense
928 1802 1060 1862 cruento

261 1948 265 1953 ,
288 1883 336 1949 Ut
351 1883 494 1980 gladium
508 1883 673 1947 strinxisse
688 1887 782 1966 putes
797 1883 831 1947 in
847 1885 915 1947 fata
928 1883 1070 1966 potentis

287 1967 411 2033 Diurtis
427 1967 610 2031 anteferes.
640 1967 780 2032 medicos
795 1971 851 2031 aut
864 1967 948 2032 forte
963 1967 1129 2030 ministros

130 2087 162 2134 [ρ.
176 2087 210 2134 n]
290 2051 470 2118 Sollicitare
485 2056 592 2135 potest
606 2051 710 2115 audax
725 2052 785 2115 sub
799 2056 895 2116 nocte
909 2051 1018 2115 silenti
1065 2076 1068 2079 ⁴

290 2135 352 2212 Qui
369 2137 428 2200 sub
443 2137 514 2200 luce
529 2136 638 2220 fugit?
660 2136 796 2220 pauidos
810 2137 966 2200 informat
981 2139 1121 2219 egestaS,

227 2234 274 2283 195
290 2220 433 2285 Diuitias
449 2221 534 2285 uires
548 2224 714 2304 praestant
728 2221 916 2302 animosque
931 2222 1109 2284 resumunt.

288 2306 466 2389 Paupertas
481 2305 628 2370 conferre
643 2310 748 2368 metus
764 2305 888 2368 adferre
902 2325 1058 2387 pauorem

288 2390 391 2455 Nouit
405 2393 438 2453 et
452 2389 486 2453 in
501 2390 635 2453 miseros
650 2410 776 2471 semper
791 2389 955 2453 stimulare
970 2390 1128 2472 potentes.

289 2541 440 2606 Forsitan
456 2536 601 2604 obiicias:
618 2540 705 2604 urbis
722 2540 871 2604 defensor
885 2540 1032 2604 habetur.

288 2625 366 2689 Non
381 2646 462 2706 opus
478 2630 526 2687 est
539 2623 698 2707 laedatur,
713 2625 769 2688 ais.
797 2646 857 2689 nec
871 2624 978 2688 laedat
991 2624 1164 2705 honestos,

226 2723 277 2771 200
291 2709 331 2774 In
347 2729 515 2772 commune
530 2709 633 2772 bonos
648 2712 735 2774 totos
751 2709 902 2774 defendat
917 2713 948 2774 et
964 2713 1066 2792 ornet,

290 2793 404 2877 Erigat
420 2812 599 2875 oppressos,
615 2793 784 2858 mediocris
799 2817 921 2878 pauper
936 2797 1070 2858 ametur.

290 2877 367 2941 Non
385 2875 456 2940 ideo
473 2876 593 2941 bellum
607 2881 677 2942 tota
694 2881 815 2949 uirtute
830 2878 956 2963 peregit

294 2959 341 3025 Ut
355 2961 450 3024 liceat
463 2960 526 3024 ciui
542 2961 627 3025 ciues
642 2963 773 3046 impune
788 2984 911 3026 necare.

293 3044 424 3109 Fortior
440 3049 487 3109 est
502 3045 590 3110 diues
605 3047 741 3130 iuuenis,
757 3046 860 3130 magis
875 3046 949 3109 inde
964 3045 1135 3110 timendus.

298 3203 347 3251 178
363 3208 424 3264 post
446 3201 545 3250 multos
563 3203 656 3265 lepitur
677 3200 771 3250 timuit
787 3201 835 3249 sed
857 3208 1008 3265 earpunctum
1079 3201 1127 3250 184
1149 3199 1197 3261 qui

229 3283 297 3318 corr.
317 3268 412 3320 Bacch.
497 3271 545 3318 185
568 3268 692 3332 quisquis
715 3284 783 3318 corr.
804 3267 899 3317 Buerlr.
917 3268 921 3332 Ι
942 3268 1014 3318 forta
1038 3274 1065 3316 et
1086 3267 1135 3317 186
1157 3264 1195 3314 aa

232 3339 364 3398 quantum
382 3337 450 3400 quod
466 3338 541 3398 posui
558 3337 689 3398 temptauit
712 3333 804 3386 Bacch.
893 3337 940 3385 191
959 3335 1082 3399 petentis
1146 3333 1194 3381 197

228 3404 337 3466 spatium
354 3404 469 3453 relietum
489 3404 633 3467 riparumque
656 3406 818 3467 corruptelae
838 3405 984 3467 praefixum
1001 3410 1049 3452 est.
1086 3402 1117 3451 de
1135 3415 1194 3462 sup·

226 3471 353 3533 plemento
371 3469 492 3530 conferas
510 3469 550 3518 IX
568 3467 603 3531 'It
623 3471 675 3518 ulia
694 3474 807 3534 quaestio
830 3473 856 3519 in
877 3469 1040 3534 sequentibus
1057 3474 1193 3517 tractatur.

229 3540 348 3588 nonnulla
366 3537 527 3585 exciderunt.
597 3538 647 3584 200
666 3536 752 3587 bonus
771 3553 839 3588 corr.
860 3537 957 3593 Bueclr.
