2610 3946
465 529 502 594 X.
540 527 705 612 Draconcij
728 525 844 593 bledae.

238 683 316 748 Fert
330 683 456 748 animus
470 683 603 766 uulgare
618 679 709 746 nefas
724 685 757 745 et
770 680 908 764 uirginis
922 684 1009 745 atrae

239 766 394 850 Captiuos
408 769 587 832 monstrare
603 766 694 848 deos,
709 765 867 829 elementa
882 764 1024 846 clientes,

238 851 397 916 Naturam
412 851 531 916 seruire
546 872 619 914 reae
632 850 752 914 seruire
766 848 903 933 puellae,
1002 869 1004 872 ’

240 938 338 1000 Astra
352 935 420 1018 poli
435 939 468 998 et
481 934 605 999 Phoebi
620 953 730 998 cursus
745 937 777 998 ct
792 934 896 998 sidera
909 931 989 997 caeli

209 1031 225 1080 5
241 1019 386 1083 Arbitrio
401 1017 544 1082 mulieris
559 1017 621 1102 agi,
636 1017 777 1100 perferre
793 1016 974 1082 Tonantem

241 1102 334 1179 Quod
348 1102 457 1166 iubeat
472 1099 585 1165 Medea
598 1099 703 1184 nefas,
719 1102 775 1165 ubi
790 1102 916 1165 mittere
930 1101 1075 1163 flammas

239 1187 381 1269 Imperet
395 1185 568 1251 aethereas.
597 1189 747 1269 penetrat
759 1207 824 1250 uox
838 1186 895 1249 illa
909 1206 967 1268 per
981 1205 1075 1248 auras

242 1271 324 1336 Cum
338 1271 421 1335 uitas
436 1274 619 1352 mortesque
634 1270 726 1353 facit,
742 1291 815 1334 cum
830 1269 896 1332 fata
910 1270 1076 1349 retorquet

242 1355 295 1418 Ad
309 1376 419 1419 cursus
434 1376 650 1438 quoscumque
665 1354 754 1418 uelit.
774 1355 851 1418 licet
864 1353 991 1436 hospite
1006 1371 1099 1417 caeso

195 1452 227 1500 10
243 1439 370 1504 Seruiat
384 1443 416 1502 ct
430 1437 596 1522 Scythicae
611 1443 719 1502 currat
733 1460 790 1521 per
804 1437 925 1520 templa
938 1436 1072 1518 Dianae,

241 1522 389 1587 Possidet
403 1525 594 1608 astrigerum
608 1523 738 1587 funesto
753 1525 882 1605 pectore
897 1521 1019 1585 caelum

241 1607 285 1672 Et
299 1628 431 1690 superos
445 1607 577 1690 impune
592 1607 710 1690 premit
723 1627 816 1690 prece
831 1607 908 1670 nixa
922 1605 1035 1688 uirago

240 1692 366 1756 Inuitos
380 1713 492 1774 parere
507 1691 578 1756 sibi.
609 1713 690 1775 quae
706 1691 848 1755 carmina
861 1688 982 1774 linguis

242 1775 423 1838 Murmuret
437 1779 493 1838 aut
507 1797 603 1838 urens
619 1775 739 1858 species
755 1796 836 1859 quae
850 1775 984 1838 nomina
999 1772 1092 1855 dicat,

194 1868 225 1918 15
240 1856 328 1922 Haec
340 1860 446 1920 uatem
456 1859 580 1922 nescire
592 1857 690 1940 decet,
702 1879 783 1941 quae
794 1879 888 1923 nosse
899 1857 1071 1940 profanum
1082 1859 1141 1940 est,

243 1939 331 2017 Quae
346 1939 444 2004 fuerit
458 1942 607 2026 uulgasse
621 1943 723 2007 nefas,
752 1964 812 2007 nos
827 1943 884 2006 illa
898 1962 1049 2006 canemus

242 2023 330 2100 Quae
345 2025 427 2089 solet
441 2025 476 2088 in
490 2025 597 2109 lepido
612 2025 829 2110 Polyhymnia
843 2025 938 2090 docta
949 2025 1076 2089 theatro

242 2109 333 2173 Muta
347 2110 453 2194 loqui,
469 2131 541 2175 cum
556 2115 656 2174 nauta
670 2111 774 2194 uenit,
791 2131 863 2174 eum
879 2113 989 2193 captus
1005 2111 1129 2173 amator

241 2194 331 2258 inter
345 2195 453 2259 uincla
467 2195 551 2260 iacet
565 2217 639 2260 mox
654 2199 845 2280 regnaturus
859 2194 966 2276 lason,
1121 2189 1132 2208 '

194 2289 227 2337 20
242 2277 305 2343 Uel
319 2300 401 2361 quae
416 2278 537 2364 grande
551 2280 653 2343 boans
668 2280 776 2363 longis
791 2279 915 2344 sublata
930 2276 1097 2342 cothurnis

243 2362 368 2427 Pallida
381 2361 584 2446 Melpomene
599 2363 730 2448 tragicis
745 2384 818 2427 cum
832 2362 937 2447 surgit
950 2360 1075 2442 iambis,

244 2445 378 2522 Quando
395 2450 595 2511 cruentatam
610 2447 687 2511 fecit
702 2447 739 2510 de
754 2451 856 2511 matre
871 2466 1044 2510 nouercam

244 2529 365 2592 Mixtus
379 2552 488 2594 amore
503 2530 594 2594 furor
608 2531 719 2596 dotata
733 2531 853 2615 paelice
868 2529 1014 2612 flammis,

244 2611 403 2696 Squamea
418 2615 540 2696 uiperei
555 2615 727 2679 subdentes
742 2615 825 2679 colla
840 2615 994 2679 dracones

194 2707 227 2756 25
243 2695 325 2760 Cum
339 2717 474 2779 rapuere
489 2697 569 2761 rotis
584 2702 659 2781 post
672 2699 786 2764 funcra
800 2702 891 2762 tanta
905 2698 1084 2764 nocentem.

244 2779 289 2843 Te
304 2780 410 2864 mode,
426 2775 581 2864 Calliope,
597 2787 735 2865 poscunt
750 2787 926 2866 optantque
942 2800 1068 2847 sorores

244 2863 380 2929 Dulcior
393 2869 430 2930 ut
444 2865 572 2950 uenias,
586 2871 720 2931 nuncto
736 2867 826 2932 decet
840 2867 886 2930 ire
901 2868 1058 2950 rogatam,

250 3017 326 3079 Quom
348 3023 443 3082 passim
464 3021 594 3084 adscripsi
610 3023 716 3072 alterius
733 3023 889 3085 exemplaris
910 3022 1039 3070 lectionem
1057 3016 1146 3067 notaui

180 3085 256 3136 litera
269 3103 285 3152 y
332 3087 348 3136 3
360 3099 426 3135 reae
439 3102 506 3140 corr.
519 3102 555 3137 ea
568 3087 636 3137 deae
650 3088 667 3137 d
679 3092 755 3138 litero
772 3095 901 3151 expuncta
913 3101 1008 3150 reaey
1048 3085 1064 3134 5
1077 3097 1144 3148 pen-

181 3150 246 3203 dere
264 3171 333 3204 corr.
353 3153 448 3204 Bacch.
509 3157 541 3204 10
559 3154 668 3218 Scytice
728 3156 760 3206 13
776 3156 840 3218 fort.
857 3155 953 3218 lingua
1012 3153 1044 3201 14
1061 3163 1144 3200 urens

181 3223 432 3338 iimmiflini
450 3227 567 3303 notatum.
587 3223 622 3285 cs.
635 3223 740 3338 afflectes
752 3224 777 3272 iu
790 3223 873 3338 inriga
902 3289 919 3337 h
931 3222 962 3270 16
981 3216 1061 3336 tllrgod
1073 3231 1143 3267 corr.

215 3303 253 3404 20⁶
267 3323 338 3417 duod
356 3303 531 3407 cordyBriiildlt.
552 3354 556 3421 Ι
577 3290 628 3406 edi3
641 3290 734 3408 rnilslta
752 3304 902 3421 egilbelidd
920 3324 927 3340 .
970 3356 1004 3405 24
1021 3297 1145 3418 arioaldi

181 3435 251 3474 corr.
264 3419 360 3470 Bacch.
428 3424 461 3472 26
479 3424 558 3474 medo
577 3423 684 3490 modcy
741 3425 774 3474 Ξῖ
792 3428 871 3475 noete
889 3437 958 3474 corr.
969 3420 1067 3471 Bacch.
1082 3415 1086 3482 Ι
1102 3432 1144 3466 ro·

182 3491 276 3551 gutum
294 3503 362 3537 corr.
381 3487 475 3538 Bacch.
494 3491 528 3553 cs.
547 3489 586 3542 VI
604 3492 637 3540 24
