<?xml version="1.0" encoding="UTF-8"?>
<!DOCTYPE html PUBLIC "-//W3C//DTD XHTML 1.0 Transitional//EN"
    "http://www.w3.org/TR/xhtml1/DTD/xhtml1-transitional.dtd">
<html xmlns="http://www.w3.org/1999/xhtml" xml:lang="en" lang="en">
 <head>
  <title>
</title>
<meta http-equiv="Content-Type" content="text/html;charset=utf-8" />
  <meta name='ocr-system' content='tesseract 3.04.00' />
  <meta name='ocr-capabilities' content='ocr_page ocr_carea ocr_par ocr_line ocrx_word'/>
</head>
<body>
  <div class='ocr_page' id='page_1' title='image "./dracontiicarmin00dracgoog/dracontiicarmin00dracgoog_0090.png"; bbox 0 0 2610 3946; ppageno 0'>
   <div class='ocr_carea' id='block_1_1' title="bbox 578 197 1148 267">
    <p class='ocr_par' dir='ltr' id='par_1_1' title="bbox 578 197 1148 267">
     <span class='ocr_line' id='line_1_1' title="bbox 578 197 1148 267; baseline 0.002 -15"><span class='ocrx_word' id='word_1_1' title='bbox 578 202 603 252; x_wconf 86' lang='lat' dir='ltr'><strong>x</strong></span> <span class='ocrx_word' id='word_1_2' title='bbox 621 203 755 254; x_wconf 77' lang='lat' dir='ltr'>ser-549</span> <span class='ocrx_word' id='word_1_3' title='bbox 943 197 948 210; x_wconf 91' lang='grc'>’</span> <span class='ocrx_word' id='word_1_4' title='bbox 1108 201 1148 267; x_wconf 73' lang='lat'>77</span> 
     </span>
    </p>
   </div>
   <div class='ocr_carea' id='block_1_2' title="bbox 182 351 1243 2882">
    <p class='ocr_par' dir='ltr' id='par_1_2' title="bbox 247 351 1098 688">
     <span class='ocr_line' id='line_1_2' title="bbox 250 351 1098 437; baseline -0.001 -19"><span class='ocrx_word' id='word_1_5' title='bbox 250 353 366 418; x_wconf 88' lang='lat' dir='ltr'>Uritur</span> <span class='ocrx_word' id='word_1_6' title='bbox 379 354 448 437; x_wconf 90' lang='lat' dir='ltr'>ipse</span> <span class='ocrx_word' id='word_1_7' title='bbox 462 351 577 417; x_wconf 80' lang='lat' dir='ltr'><strong>Creon.</strong></span> <span class='ocrx_word' id='word_1_8' title='bbox 605 373 705 436; x_wconf 88' lang='lat' dir='ltr'>rogus</span> <span class='ocrx_word' id='word_1_9' title='bbox 720 355 769 416; x_wconf 87' lang='lat' dir='ltr'>est</span> <span class='ocrx_word' id='word_1_10' title='bbox 783 371 856 415; x_wconf 87' lang='lat' dir='ltr'>mox</span> <span class='ocrx_word' id='word_1_11' title='bbox 871 352 945 416; x_wconf 87' lang='lat' dir='ltr'>aula</span> <span class='ocrx_word' id='word_1_12' title='bbox 958 353 1098 436; x_wconf 85' lang='lat' dir='ltr'>tyranni.</span> 
     </span>
     <span class='ocr_line' id='line_1_3' title="bbox 247 436 1013 522; baseline -0.003 -20"><span class='ocrx_word' id='word_1_13' title='bbox 247 438 435 522; x_wconf 83' lang='lat' dir='ltr'>Diffugiunt</span> <span class='ocrx_word' id='word_1_14' title='bbox 450 457 565 501; x_wconf 87' lang='lat' dir='ltr'>omnes</span> <span class='ocrx_word' id='word_1_15' title='bbox 577 436 690 520; x_wconf 90' lang='lat' dir='ltr'>populi</span> <span class='ocrx_word' id='word_1_16' title='bbox 705 436 844 500; x_wconf 86' lang='lat' dir='ltr'>conuiua</span> <span class='ocrx_word' id='word_1_17' title='bbox 857 437 1013 520; x_wconf 82' lang='lat' dir='ltr'>ministri,</span> 
     </span>
     <span class='ocr_line' id='line_1_4' title="bbox 250 519 1046 606; baseline -0.003 -19"><span class='ocrx_word' id='word_1_18' title='bbox 250 522 434 588; x_wconf 79' lang='lat' dir='ltr'>Saltantum</span> <span class='ocrx_word' id='word_1_19' title='bbox 448 521 561 606; x_wconf 85' lang='lat' dir='ltr'>fugere</span> <span class='ocrx_word' id='word_1_20' title='bbox 576 521 675 585; x_wconf 87' lang='lat' dir='ltr'>chori.</span> <span class='ocrx_word' id='word_1_21' title='bbox 705 542 783 584; x_wconf 88' lang='lat' dir='ltr'>nem</span> <span class='ocrx_word' id='word_1_22' title='bbox 796 519 880 585; x_wconf 83' lang='lat' dir='ltr'>festa</span> <span class='ocrx_word' id='word_1_23' title='bbox 894 525 1046 586; x_wconf 75' lang='lat' dir='ltr'>canentes</span> 
     </span>
     <span class='ocr_line' id='line_1_5' title="bbox 251 605 1062 688; baseline -0.001 -17"><span class='ocrx_word' id='word_1_24' title='bbox 251 607 403 671; x_wconf 87' lang='lat' dir='ltr'>Ambusti</span> <span class='ocrx_word' id='word_1_25' title='bbox 418 607 558 670; x_wconf 86' lang='lat' dir='ltr'>lamenta</span> <span class='ocrx_word' id='word_1_26' title='bbox 573 607 691 669; x_wconf 85' lang='lat' dir='ltr'>sonant</span> <span class='ocrx_word' id='word_1_27' title='bbox 704 625 764 669; x_wconf 87' lang='lat' dir='ltr'>nec</span> <span class='ocrx_word' id='word_1_28' title='bbox 780 610 795 669; x_wconf 92' lang='lat' dir='ltr'>t</span> <span class='ocrx_word' id='word_1_29' title='bbox 816 626 935 688; x_wconf 86' lang='lat' dir='ltr'>mpana</span> <span class='ocrx_word' id='word_1_30' title='bbox 947 605 1062 688; x_wconf 86' lang='lat' dir='ltr'>plausu</span> 
     </span>
    </p>

    <p class='ocr_par' dir='ltr' id='par_1_3' title="bbox 182 627 1118 1110">
     <span class='ocr_line' id='line_1_6' title="bbox 182 627 1111 775; baseline 0.003 -22"><span class='ocrx_word' id='word_1_31' title='bbox 182 703 238 753; x_wconf 73' lang='lat' dir='ltr'>aas</span> <span class='ocrx_word' id='word_1_32' title='bbox 249 690 453 774; x_wconf 88' lang='lat' dir='ltr'>Pereutiunt,</span> <span class='ocrx_word' id='word_1_33' title='bbox 469 691 524 754; x_wconf 91' lang='lat' dir='ltr'>sed</span> <span class='ocrx_word' id='word_1_34' title='bbox 539 690 634 753; x_wconf 88' lang='lat' dir='ltr'>turba</span> <span class='ocrx_word' id='word_1_35' title='bbox 648 711 780 775; x_wconf 80' lang='lat' dir='ltr'><strong>gemens</strong></span> <span class='ocrx_word' id='word_1_36' title='bbox 794 627 871 754; x_wconf 71' lang='lat' dir='ltr'>dinc</span> <span class='ocrx_word' id='word_1_37' title='bbox 885 688 960 755; x_wconf 90' lang='lat' dir='ltr'>inde</span> <span class='ocrx_word' id='word_1_38' title='bbox 974 690 1111 756; x_wconf 85' lang='lat' dir='ltr'>lacertos</span> 
     </span>
     <span class='ocr_line' id='line_1_7' title="bbox 250 774 1118 860; baseline 0 -20"><span class='ocrx_word' id='word_1_39' title='bbox 250 774 408 856; x_wconf 86' lang='lat' dir='ltr'>Uerberat</span> <span class='ocrx_word' id='word_1_40' title='bbox 423 779 454 840; x_wconf 91' lang='lat' dir='ltr'>et</span> <span class='ocrx_word' id='word_1_41' title='bbox 468 775 581 838; x_wconf 88' lang='lat' dir='ltr'>flentes</span> <span class='ocrx_word' id='word_1_42' title='bbox 596 774 651 838; x_wconf 89' lang='lat' dir='ltr'>sed</span> <span class='ocrx_word' id='word_1_43' title='bbox 665 797 733 840; x_wconf 93' lang='lat' dir='ltr'>non</span> <span class='ocrx_word' id='word_1_44' title='bbox 748 796 806 838; x_wconf 89' lang='lat' dir='ltr'>sua</span> <span class='ocrx_word' id='word_1_45' title='bbox 820 774 935 838; x_wconf 85' lang='lat' dir='ltr'>funera</span> <span class='ocrx_word' id='word_1_46' title='bbox 948 774 1118 860; x_wconf 85' lang='lat' dir='ltr'>plangunt.</span> 
     </span>
     <span class='ocr_line' id='line_1_8' title="bbox 250 858 1033 946; baseline 0 -22"><span class='ocrx_word' id='word_1_47' title='bbox 250 858 363 924; x_wconf 79' lang='lat' dir='ltr'>Stabat</span> <span class='ocrx_word' id='word_1_48' title='bbox 379 859 448 924; x_wconf 86' lang='lat' dir='ltr'>sola</span> <span class='ocrx_word' id='word_1_49' title='bbox 461 879 582 923; x_wconf 89' lang='lat' dir='ltr'>nocens</span> <span class='ocrx_word' id='word_1_50' title='bbox 596 859 733 946; x_wconf 81' lang='lat' dir='ltr'>necdum</span> <span class='ocrx_word' id='word_1_51' title='bbox 748 859 863 923; x_wconf 87' lang='lat' dir='ltr'>satiata</span> <span class='ocrx_word' id='word_1_52' title='bbox 878 860 1033 924; x_wconf 71' lang='lat' dir='ltr'>sacerdos</span> 
     </span>
     <span class='ocr_line' id='line_1_9' title="bbox 249 943 1091 1028; baseline 0 -20"><span class='ocrx_word' id='word_1_53' title='bbox 249 943 282 1009; x_wconf 93' lang='lat' dir='ltr'>N</span> <span class='ocrx_word' id='word_1_54' title='bbox 283 965 318 1007; x_wconf 90' lang='lat' dir='ltr'>ec</span> <span class='ocrx_word' id='word_1_55' title='bbox 334 965 445 1008; x_wconf 85' lang='lat' dir='ltr'>secura</span> <span class='ocrx_word' id='word_1_56' title='bbox 459 947 583 1007; x_wconf 89' lang='lat' dir='ltr'>tamen:</span> <span class='ocrx_word' id='word_1_57' title='bbox 605 965 782 1028; x_wconf 77' lang='lat' dir='ltr'>numquam</span> <span class='ocrx_word' id='word_1_58' title='bbox 797 944 842 1008; x_wconf 88' lang='lat' dir='ltr'>sic</span> <span class='ocrx_word' id='word_1_59' title='bbox 856 965 950 1026; x_wconf 91' lang='lat' dir='ltr'>posse</span> <span class='ocrx_word' id='word_1_60' title='bbox 965 965 1091 1008; x_wconf 88' lang='lat' dir='ltr'>uenena</span> 
     </span>
     <span class='ocr_line' id='line_1_10' title="bbox 251 1027 1050 1110; baseline 0 -17"><span class='ocrx_word' id='word_1_61' title='bbox 251 1027 394 1093; x_wconf 74' lang='lat' dir='ltr'>Credidit</span> <span class='ocrx_word' id='word_1_62' title='bbox 408 1032 464 1092; x_wconf 86' lang='lat' dir='ltr'>aut</span> <span class='ocrx_word' id='word_1_63' title='bbox 477 1028 624 1110; x_wconf 76' lang='lat' dir='ltr'>precibus</span> <span class='ocrx_word' id='word_1_64' title='bbox 639 1032 767 1093; x_wconf 85' lang='lat' dir='ltr'>tantum</span> <span class='ocrx_word' id='word_1_65' title='bbox 782 1028 902 1092; x_wconf 89' lang='lat' dir='ltr'>seruire</span> <span class='ocrx_word' id='word_1_66' title='bbox 916 1029 1050 1093; x_wconf 87' lang='lat' dir='ltr'>furores.</span> 
     </span>
    </p>

    <p class='ocr_par' dir='ltr' id='par_1_4' title="bbox 184 1110 1147 1282">
     <span class='ocr_line' id='line_1_11' title="bbox 184 1110 1096 1198; baseline 0.004 -24"><span class='ocrx_word' id='word_1_67' title='bbox 184 1125 239 1174; x_wconf 74' lang='lat'>530</span> <span class='ocrx_word' id='word_1_68' title='bbox 251 1111 313 1177; x_wconf 84' lang='lat' dir='ltr'>Sed</span> <span class='ocrx_word' id='word_1_69' title='bbox 327 1116 499 1196; x_wconf 84' lang='lat' dir='ltr'>postquam</span> <span class='ocrx_word' id='word_1_70' title='bbox 514 1113 600 1176; x_wconf 88' lang='lat' dir='ltr'>solos</span> <span class='ocrx_word' id='word_1_71' title='bbox 616 1133 695 1196; x_wconf 89' lang='lat' dir='ltr'>quos</span> <span class='ocrx_word' id='word_1_72' title='bbox 709 1113 847 1178; x_wconf 79' lang='lat' dir='ltr'>iusserat</span> <span class='ocrx_word' id='word_1_73' title='bbox 860 1113 945 1196; x_wconf 85' lang='lat' dir='ltr'>ignis</span> <span class='ocrx_word' id='word_1_74' title='bbox 960 1110 1096 1198; x_wconf 76' lang='lat' dir='ltr'>adussit,</span> 
     </span>
     <span class='ocr_line' id='line_1_12' title="bbox 250 1195 1147 1280; baseline 0.003 -20"><span class='ocrx_word' id='word_1_75' title='bbox 250 1196 341 1261; x_wconf 82' lang='lat' dir='ltr'>Tunc</span> <span class='ocrx_word' id='word_1_76' title='bbox 356 1200 450 1261; x_wconf 89' lang='lat' dir='ltr'>natos</span> <span class='ocrx_word' id='word_1_77' title='bbox 464 1195 641 1261; x_wconf 85' lang='lat' dir='ltr'>furibunda</span> <span class='ocrx_word' id='word_1_78' title='bbox 660 1198 787 1280; x_wconf 86' lang='lat' dir='ltr'>premit.</span> <span class='ocrx_word' id='word_1_79' title='bbox 817 1218 893 1260; x_wconf 87' lang='lat' dir='ltr'>nam</span> <span class='ocrx_word' id='word_1_80' title='bbox 907 1196 1085 1262; x_wconf 88' lang='lat' dir='ltr'>Mermerus</span> <span class='ocrx_word' id='word_1_81' title='bbox 1100 1198 1147 1262; x_wconf 94' lang='lat' dir='ltr'>in-</span> 
     </span>
    </p>

    <p class='ocr_par' dir='ltr' id='par_1_5' title="bbox 894 1302 970 1345">
     <span class='ocr_line' id='line_1_13' title="bbox 894 1302 970 1345; baseline 0 -1"><span class='ocrx_word' id='word_1_82' title='bbox 894 1302 970 1345; x_wconf 88' lang='lat' dir='ltr'>sons</span> 
     </span>
    </p>

    <p class='ocr_par' dir='ltr' id='par_1_6' title="bbox 249 1363 1042 1618">
     <span class='ocr_line' id='line_1_14' title="bbox 249 1363 1042 1450; baseline 0 -21"><span class='ocrx_word' id='word_1_83' title='bbox 249 1365 294 1430; x_wconf 85' lang='lat' dir='ltr'>Et</span> <span class='ocrx_word' id='word_1_84' title='bbox 308 1364 441 1429; x_wconf 83' lang='lat' dir='ltr'>Feretus</span> <span class='ocrx_word' id='word_1_85' title='bbox 455 1369 591 1429; x_wconf 89' lang='lat' dir='ltr'>matrem</span> <span class='ocrx_word' id='word_1_86' title='bbox 604 1364 724 1430; x_wconf 85' lang='lat' dir='ltr'>blenda</span> <span class='ocrx_word' id='word_1_87' title='bbox 737 1363 857 1450; x_wconf 88' lang='lat' dir='ltr'>pietate</span> <span class='ocrx_word' id='word_1_88' title='bbox 874 1364 1042 1442; x_wconf 90' lang='lat' dir='ltr'>uocabant.</span> 
     </span>
     <span class='ocr_line' id='line_1_15' title="bbox 250 1447 1029 1547; baseline -0.003 -33"><span class='ocrx_word' id='word_1_89' title='bbox 250 1447 296 1514; x_wconf 89' lang='lat' dir='ltr'>Ut</span> <span class='ocrx_word' id='word_1_90' title='bbox 309 1449 454 1513; x_wconf 88' lang='lat' dir='ltr'>flammas</span> <span class='ocrx_word' id='word_1_91' title='bbox 470 1450 573 1514; x_wconf 89' lang='lat' dir='ltr'>uitare</span> <span class='ocrx_word' id='word_1_92' title='bbox 589 1454 723 1533; x_wconf 86' lang='lat' dir='ltr'>queant,</span> <span class='ocrx_word' id='word_1_93' title='bbox 738 1448 878 1514; x_wconf 87' lang='lat' dir='ltr'>infantia</span> <span class='ocrx_word' id='word_1_94' title='bbox 893 1449 1029 1547; x_wconf 79' lang='lat' dir='ltr'>simplex</span> 
     </span>
     <span class='ocr_line' id='line_1_16' title="bbox 249 1533 1030 1618; baseline 0 -21"><span class='ocrx_word' id='word_1_95' title='bbox 249 1533 378 1598; x_wconf 83' lang='lat' dir='ltr'>Affeetu</span> <span class='ocrx_word' id='word_1_96' title='bbox 392 1533 475 1617; x_wconf 86' lang='lat' dir='ltr'>petit</span> <span class='ocrx_word' id='word_1_97' title='bbox 488 1534 558 1617; x_wconf 92' lang='lat' dir='ltr'>ipsa</span> <span class='ocrx_word' id='word_1_98' title='bbox 572 1555 684 1598; x_wconf 84' lang='lat' dir='ltr'>necem</span> <span class='ocrx_word' id='word_1_99' title='bbox 700 1535 751 1599; x_wconf 86' lang='lat' dir='ltr'>uel</span> <span class='ocrx_word' id='word_1_100' title='bbox 766 1537 881 1618; x_wconf 88' lang='lat' dir='ltr'>sponte</span> <span class='ocrx_word' id='word_1_101' title='bbox 895 1534 1030 1618; x_wconf 82' lang='lat' dir='ltr'>penele-</span> 
     </span>
    </p>

    <p class='ocr_par' dir='ltr' id='par_1_7' title="bbox 183 1617 1147 2041">
     <span class='ocr_line' id='line_1_17' title="bbox 183 1617 1119 1702; baseline 0.005 -24"><span class='ocrx_word' id='word_1_102' title='bbox 183 1629 237 1678; x_wconf 82' lang='lat'>535</span> <span class='ocrx_word' id='word_1_103' title='bbox 250 1617 383 1693; x_wconf 81' lang='lat' dir='ltr'>Quaerit</span> <span class='ocrx_word' id='word_1_104' title='bbox 397 1619 505 1701; x_wconf 88' lang='lat' dir='ltr'>inops,</span> <span class='ocrx_word' id='word_1_105' title='bbox 521 1641 654 1702; x_wconf 85' lang='lat' dir='ltr'>passura</span> <span class='ocrx_word' id='word_1_106' title='bbox 668 1640 778 1683; x_wconf 90' lang='lat' dir='ltr'>necem</span> <span class='ocrx_word' id='word_1_107' title='bbox 794 1639 947 1684; x_wconf 89' lang='lat' dir='ltr'>mucrone</span> <span class='ocrx_word' id='word_1_108' title='bbox 962 1619 1119 1702; x_wconf 78' lang='lat' dir='ltr'>potentie,</span> 
     </span>
     <span class='ocr_line' id='line_1_18' title="bbox 248 1701 1010 1786; baseline 0 -19"><span class='ocrx_word' id='word_1_109' title='bbox 248 1702 359 1786; x_wconf 84' lang='lat' dir='ltr'>Ignari</span> <span class='ocrx_word' id='word_1_110' title='bbox 375 1723 457 1786; x_wconf 88' lang='lat' dir='ltr'>quae</span> <span class='ocrx_word' id='word_1_111' title='bbox 471 1707 574 1767; x_wconf 88' lang='lat' dir='ltr'>mater</span> <span class='ocrx_word' id='word_1_112' title='bbox 588 1705 657 1767; x_wconf 87' lang='lat' dir='ltr'>erat</span> <span class='ocrx_word' id='word_1_113' title='bbox 671 1701 748 1786; x_wconf 90' lang='lat' dir='ltr'>quid</span> <span class='ocrx_word' id='word_1_114' title='bbox 763 1725 859 1767; x_wconf 86' lang='lat' dir='ltr'>saeua</span> <span class='ocrx_word' id='word_1_115' title='bbox 872 1706 1010 1786; x_wconf 86' lang='lat' dir='ltr'>pararet.</span> 
     </span>
     <span class='ocr_line' id='line_1_19' title="bbox 249 1785 1147 1872; baseline 0.003 -22"><span class='ocrx_word' id='word_1_116' title='bbox 249 1785 340 1869; x_wconf 77' lang='lat' dir='ltr'>Tunc</span> <span class='ocrx_word' id='word_1_117' title='bbox 346 1787 674 1872; x_wconf 84' lang='lat' dir='ltr'>genetrixfuribunda</span> <span class='ocrx_word' id='word_1_118' title='bbox 680 1809 811 1852; x_wconf 86' lang='lat' dir='ltr'>manum</span> <span class='ocrx_word' id='word_1_119' title='bbox 817 1787 984 1870; x_wconf 89' lang='lat' dir='ltr'>suspendit</span> <span class='ocrx_word' id='word_1_120' title='bbox 994 1793 1027 1853; x_wconf 91' lang='lat' dir='ltr'>et</span> <span class='ocrx_word' id='word_1_121' title='bbox 1038 1809 1147 1853; x_wconf 89' lang='lat' dir='ltr'>ensem</span> 
     </span>
     <span class='ocr_line' id='line_1_20' title="bbox 249 1869 1091 1957; baseline 0.002 -23"><span class='ocrx_word' id='word_1_122' title='bbox 249 1872 298 1934; x_wconf 88' lang='lat' dir='ltr'>Ac</span> <span class='ocrx_word' id='word_1_123' title='bbox 312 1869 413 1934; x_wconf 82' lang='lat' dir='ltr'>fatur:</span> <span class='ocrx_word' id='word_1_124' title='bbox 437 1869 510 1937; x_wconf 78' lang='lat' dir='ltr'>‘sol</span> <span class='ocrx_word' id='word_1_125' title='bbox 524 1872 616 1937; x_wconf 88' lang='lat' dir='ltr'>testis</span> <span class='ocrx_word' id='word_1_126' title='bbox 631 1894 726 1957; x_wconf 87' lang='lat' dir='ltr'>auus,</span> <span class='ocrx_word' id='word_1_127' title='bbox 742 1871 798 1937; x_wconf 82' lang='lat' dir='ltr'>Sol</span> <span class='ocrx_word' id='word_1_128' title='bbox 813 1871 938 1936; x_wconf 85' lang='lat' dir='ltr'>Persice</span> <span class='ocrx_word' id='word_1_129' title='bbox 955 1871 1091 1956; x_wconf 77' lang='lat' dir='ltr'>Mithra,</span> 
     </span>
     <span class='ocr_line' id='line_1_21' title="bbox 249 1955 1111 2041; baseline 0.003 -24"><span class='ocrx_word' id='word_1_130' title='bbox 249 1955 342 2018; x_wconf 85' lang='lat' dir='ltr'>Luna</span> <span class='ocrx_word' id='word_1_131' title='bbox 357 1955 452 2019; x_wconf 85' lang='lat' dir='ltr'>decus</span> <span class='ocrx_word' id='word_1_132' title='bbox 467 1957 588 2041; x_wconf 88' lang='lat' dir='ltr'>noetis,</span> <span class='ocrx_word' id='word_1_133' title='bbox 604 1956 735 2041; x_wconf 87' lang='lat' dir='ltr'>Furiae,</span> <span class='ocrx_word' id='word_1_134' title='bbox 751 1957 960 2041; x_wconf 85' lang='lat' dir='ltr'>Proserpina,</span> <span class='ocrx_word' id='word_1_135' title='bbox 976 1957 1111 2021; x_wconf 84' lang='lat' dir='ltr'>Pluton:</span> 
     </span>
    </p>

    <p class='ocr_par' dir='ltr' id='par_1_8' title="bbox 184 2038 1243 2460">
     <span class='ocr_line' id='line_1_22' title="bbox 184 2038 1047 2124; baseline 0.007 -26"><span class='ocrx_word' id='word_1_136' title='bbox 184 2051 238 2100; x_wconf 77' lang='grc'>540</span> <span class='ocrx_word' id='word_1_137' title='bbox 249 2039 370 2122; x_wconf 87' lang='lat' dir='ltr'>Accipe</span> <span class='ocrx_word' id='word_1_138' title='bbox 385 2038 441 2104; x_wconf 83' lang='lat' dir='ltr'>Sol</span> <span class='ocrx_word' id='word_1_139' title='bbox 456 2041 584 2105; x_wconf 87' lang='lat' dir='ltr'>radians</span> <span class='ocrx_word' id='word_1_140' title='bbox 600 2043 737 2124; x_wconf 89' lang='lat' dir='ltr'>animas,</span> <span class='ocrx_word' id='word_1_141' title='bbox 753 2045 789 2104; x_wconf 90' lang='lat' dir='ltr'>tu</span> <span class='ocrx_word' id='word_1_142' title='bbox 805 2061 940 2124; x_wconf 85' lang='lat' dir='ltr'>corpora</span> <span class='ocrx_word' id='word_1_143' title='bbox 954 2040 1047 2104; x_wconf 87' lang='lat' dir='ltr'>Luna</span> 
     </span>
     <span class='ocr_line' id='line_1_23' title="bbox 249 2122 1132 2207; baseline 0.002 -21"><span class='ocrx_word' id='word_1_144' title='bbox 249 2122 457 2188; x_wconf 88' lang='lat' dir='ltr'>Nutrimenta</span> <span class='ocrx_word' id='word_1_145' title='bbox 472 2125 613 2207; x_wconf 86' lang='lat' dir='ltr'>animae,</span> <span class='ocrx_word' id='word_1_146' title='bbox 628 2124 736 2188; x_wconf 89' lang='lat' dir='ltr'>fundit</span> <span class='ocrx_word' id='word_1_147' title='bbox 751 2145 846 2207; x_wconf 91' lang='lat' dir='ltr'>quem</span> <span class='ocrx_word' id='word_1_148' title='bbox 861 2145 971 2189; x_wconf 87' lang='lat' dir='ltr'>mucro</span> <span class='ocrx_word' id='word_1_149' title='bbox 988 2145 1132 2188; x_wconf 89' lang='lat' dir='ltr'>cruorem</span> 
     </span>
     <span class='ocr_line' id='line_1_24' title="bbox 249 2206 1243 2306; baseline -0.002 -34"><span class='ocrx_word' id='word_1_150' title='bbox 249 2206 372 2272; x_wconf 82' lang='lat' dir='ltr'>Sumite</span> <span class='ocrx_word' id='word_1_151' title='bbox 387 2230 446 2273; x_wconf 83' lang='lat' dir='ltr'>uos</span> <span class='ocrx_word' id='word_1_152' title='bbox 461 2208 592 2292; x_wconf 84' lang='lat' dir='ltr'>Furiae,</span> <span class='ocrx_word' id='word_1_153' title='bbox 608 2209 712 2273; x_wconf 90' lang='lat' dir='ltr'>noetis</span> <span class='ocrx_word' id='word_1_154' title='bbox 729 2230 785 2272; x_wconf 89' lang='lat' dir='ltr'>rex</span> <span class='ocrx_word' id='word_1_155' title='bbox 803 2209 911 2306; x_wconf 83' lang='lat' dir='ltr'>exigat</span> <span class='ocrx_word' id='word_1_156' title='bbox 924 2208 1062 2272; x_wconf 88' lang='lat' dir='ltr'>umbras.</span> <span class='ocrx_word' id='word_1_157' title='bbox 1162 2222 1194 2271; x_wconf 78' lang='lat' dir='ltr'>[r-</span> <span class='ocrx_word' id='word_1_158' title='bbox 1207 2221 1243 2270; x_wconf 80' lang='lat'>⁹⁵]</span> 
     </span>
     <span class='ocr_line' id='line_1_25' title="bbox 249 2289 1088 2376; baseline 0 -20"><span class='ocrx_word' id='word_1_159' title='bbox 249 2289 388 2376; x_wconf 79' lang='lat' dir='ltr'>Spiritus</span> <span class='ocrx_word' id='word_1_160' title='bbox 403 2293 439 2356; x_wconf 91' lang='lat' dir='ltr'>in</span> <span class='ocrx_word' id='word_1_161' title='bbox 454 2296 569 2357; x_wconf 89' lang='lat' dir='ltr'>uentos</span> <span class='ocrx_word' id='word_1_162' title='bbox 634 2293 711 2358; x_wconf 86' lang='lat' dir='ltr'>satis</span> <span class='ocrx_word' id='word_1_163' title='bbox 727 2296 776 2357; x_wconf 90' lang='lat' dir='ltr'>est</span> <span class='ocrx_word' id='word_1_164' title='bbox 789 2315 920 2376; x_wconf 79' lang='lat' dir='ltr'>punisse</span> <span class='ocrx_word' id='word_1_165' title='bbox 934 2296 1088 2357; x_wconf 88' lang='lat' dir='ltr'>nocentes</span> 
     </span>
     <span class='ocr_line' id='line_1_26' title="bbox 249 2375 1051 2460; baseline 0.002 -20"><span class='ocrx_word' id='word_1_166' title='bbox 249 2375 463 2460; x_wconf 84' lang='lat' dir='ltr'>Insontesque</span> <span class='ocrx_word' id='word_1_167' title='bbox 480 2377 583 2441; x_wconf 87' lang='lat' dir='ltr'>simul.</span> <span class='ocrx_word' id='word_1_168' title='bbox 615 2377 748 2442; x_wconf 90' lang='lat' dir='ltr'>miseros</span> <span class='ocrx_word' id='word_1_169' title='bbox 762 2377 824 2442; x_wconf 89' lang='lat' dir='ltr'>hoe</span> <span class='ocrx_word' id='word_1_170' title='bbox 840 2398 915 2441; x_wconf 89' lang='lat' dir='ltr'>ense</span> <span class='ocrx_word' id='word_1_171' title='bbox 930 2378 1051 2442; x_wconf 88' lang='lat' dir='ltr'>necabo</span> 
     </span>
    </p>

    <p class='ocr_par' dir='ltr' id='par_1_9' title="bbox 186 2459 1060 2632">
     <span class='ocr_line' id='line_1_27' title="bbox 186 2459 1053 2546; baseline 0.007 -26"><span class='ocrx_word' id='word_1_172' title='bbox 186 2471 237 2521; x_wconf 79' lang='lat'>545</span> <span class='ocrx_word' id='word_1_173' title='bbox 251 2459 321 2534; x_wconf 81' lang='lat' dir='ltr'>Quo</span> <span class='ocrx_word' id='word_1_174' title='bbox 338 2463 467 2546; x_wconf 82' lang='lat' dir='ltr'>genitor</span> <span class='ocrx_word' id='word_1_175' title='bbox 481 2461 644 2526; x_wconf 89' lang='lat' dir='ltr'>feriendus</span> <span class='ocrx_word' id='word_1_176' title='bbox 659 2465 741 2546; x_wconf 88' lang='lat' dir='ltr'>erat,</span> <span class='ocrx_word' id='word_1_177' title='bbox 756 2461 839 2526; x_wconf 91' lang='lat' dir='ltr'>nihil</span> <span class='ocrx_word' id='word_1_178' title='bbox 854 2462 924 2545; x_wconf 91' lang='lat' dir='ltr'>ipsa</span> <span class='ocrx_word' id='word_1_179' title='bbox 940 2459 1053 2526; x_wconf 91' lang='lat' dir='ltr'>dolebo</span> 
     </span>
     <span class='ocr_line' id='line_1_28' title="bbox 250 2543 1060 2632; baseline -0.001 -23"><span class='ocrx_word' id='word_1_180' title='bbox 250 2543 285 2609; x_wconf 77' lang='lat' dir='ltr'>si</span> <span class='ocrx_word' id='word_1_181' title='bbox 300 2546 429 2630; x_wconf 84' lang='lat' dir='ltr'>ingrata</span> <span class='ocrx_word' id='word_1_182' title='bbox 444 2550 572 2610; x_wconf 84' lang='lat' dir='ltr'>maneat</span> <span class='ocrx_word' id='word_1_183' title='bbox 585 2546 695 2611; x_wconf 87' lang='lat' dir='ltr'>nullus</span> <span class='ocrx_word' id='word_1_184' title='bbox 710 2547 748 2612; x_wconf 93' lang='lat' dir='ltr'>de</span> <span class='ocrx_word' id='word_1_185' title='bbox 763 2550 859 2632; x_wconf 84' lang='lat' dir='ltr'>geute</span> <span class='ocrx_word' id='word_1_186' title='bbox 874 2548 1060 2628; x_wconf 86' lang='lat' dir='ltr'>superstes.’</span> 
     </span>
    </p>

    <p class='ocr_par' dir='ltr' id='par_1_10' title="bbox 225 2628 1043 2714">
     <span class='ocr_line' id='line_1_29' title="bbox 225 2628 1043 2714; baseline 0.002 -22"><span class='ocrx_word' id='word_1_187' title='bbox 225 2665 227 2670; x_wconf 94' lang='lat'>·</span> <span class='ocrx_word' id='word_1_188' title='bbox 248 2628 338 2694; x_wconf 86' lang='lat' dir='ltr'>Haec</span> <span class='ocrx_word' id='word_1_189' title='bbox 353 2632 399 2695; x_wconf 86' lang='lat' dir='ltr'>ait</span> <span class='ocrx_word' id='word_1_190' title='bbox 413 2634 447 2695; x_wconf 93' lang='lat' dir='ltr'>et</span> <span class='ocrx_word' id='word_1_191' title='bbox 460 2632 606 2714; x_wconf 84' lang='lat' dir='ltr'>geminos</span> <span class='ocrx_word' id='word_1_192' title='bbox 621 2653 687 2696; x_wconf 90' lang='lat' dir='ltr'>uno</span> <span class='ocrx_word' id='word_1_193' title='bbox 702 2631 797 2696; x_wconf 91' lang='lat' dir='ltr'>simul</span> <span class='ocrx_word' id='word_1_194' title='bbox 812 2652 888 2694; x_wconf 89' lang='lat' dir='ltr'>ense</span> <span class='ocrx_word' id='word_1_195' title='bbox 902 2651 1043 2694; x_wconf 84' lang='lat' dir='ltr'>nouerca</span> 
     </span>
    </p>

    <p class='ocr_par' dir='ltr' id='par_1_11' title="bbox 249 2712 1127 2882">
     <span class='ocr_line' id='line_1_30' title="bbox 251 2712 1127 2800; baseline 0.002 -24"><span class='ocrx_word' id='word_1_196' title='bbox 251 2712 423 2798; x_wconf 82' lang='lat' dir='ltr'>Transegit</span> <span class='ocrx_word' id='word_1_197' title='bbox 436 2737 562 2798; x_wconf 86' lang='lat' dir='ltr'>pueros.</span> <span class='ocrx_word' id='word_1_198' title='bbox 589 2738 671 2799; x_wconf 88' lang='lat' dir='ltr'>quos</span> <span class='ocrx_word' id='word_1_199' title='bbox 686 2717 731 2780; x_wconf 89' lang='lat' dir='ltr'>sic</span> <span class='ocrx_word' id='word_1_200' title='bbox 745 2717 896 2800; x_wconf 85' lang='lat' dir='ltr'>portabat</span> <span class='ocrx_word' id='word_1_201' title='bbox 909 2714 950 2780; x_wconf 84' lang='lat' dir='ltr'>ad</span> <span class='ocrx_word' id='word_1_202' title='bbox 965 2736 1070 2779; x_wconf 84' lang='lat' dir='ltr'>arcem</span> <span class='ocrx_word' id='word_1_203' title='bbox 1088 2751 1127 2761; x_wconf 87' lang='lat'>-</span> 
     </span>
     <span class='ocr_line' id='line_1_31' title="bbox 249 2795 1036 2882; baseline 0.003 -20"><span class='ocrx_word' id='word_1_204' title='bbox 249 2795 296 2862; x_wconf 91' lang='lat' dir='ltr'>Ut</span> <span class='ocrx_word' id='word_1_205' title='bbox 311 2820 458 2881; x_wconf 84' lang='lat' dir='ltr'>proceres</span> <span class='ocrx_word' id='word_1_206' title='bbox 473 2800 581 2864; x_wconf 91' lang='lat' dir='ltr'>uidere</span> <span class='ocrx_word' id='word_1_207' title='bbox 596 2799 702 2882; x_wconf 85' lang='lat' dir='ltr'>nefas,</span> <span class='ocrx_word' id='word_1_208' title='bbox 720 2800 855 2864; x_wconf 89' lang='lat' dir='ltr'>timuere</span> <span class='ocrx_word' id='word_1_209' title='bbox 871 2803 1036 2864; x_wconf 87' lang='lat' dir='ltr'>cruentam</span> 
     </span>
    </p>
   </div>
   <div class='ocr_carea' id='block_1_3' title="bbox 183 2985 1151 3254">
    <p class='ocr_par' dir='ltr' id='par_1_12' title="bbox 183 2985 1151 3254">
     <span class='ocr_line' id='line_1_32' title="bbox 254 2985 1150 3054; baseline 0 -18"><span class='ocrx_word' id='word_1_210' title='bbox 254 2988 304 3037; x_wconf 92' lang='grc'>530</span> <span class='ocrx_word' id='word_1_211' title='bbox 323 2985 414 3036; x_wconf 83' lang='lat' dir='ltr'>adusit</span> <span class='ocrx_word' id='word_1_212' title='bbox 482 2989 530 3038; x_wconf 85' lang='lat'>531</span> <span class='ocrx_word' id='word_1_213' title='bbox 549 2985 709 3054; x_wconf 86' lang='lat' dir='ltr'>Mermerus]</span> <span class='ocrx_word' id='word_1_214' title='bbox 727 3003 807 3052; x_wconf 83' lang='lat' dir='ltr'>supra</span> <span class='ocrx_word' id='word_1_215' title='bbox 825 2990 929 3037; x_wconf 76' lang='lat' dir='ltr'>alteram</span> <span class='ocrx_word' id='word_1_216' title='bbox 942 3003 954 3035; x_wconf 90' lang='lat' dir='ltr'>r</span> <span class='ocrx_word' id='word_1_217' title='bbox 966 2989 1065 3036; x_wconf 78' lang='lat' dir='ltr'>literam</span> <span class='ocrx_word' id='word_1_218' title='bbox 1083 3001 1150 3036; x_wconf 72' lang='lat' dir='ltr'>crum</span> 
     </span>
     <span class='ocr_line' id='line_1_33' title="bbox 183 3055 1150 3119; baseline 0.001 -16"><span class='ocrx_word' id='word_1_219' title='bbox 183 3055 255 3118; x_wconf 76' lang='lat' dir='ltr'>picta</span> <span class='ocrx_word' id='word_1_220' title='bbox 272 3061 311 3103; x_wconf 77' lang='lat' dir='ltr'>est</span> <span class='ocrx_word' id='word_1_221' title='bbox 379 3057 428 3106; x_wconf 85' lang='grc'>532</span> <span class='ocrx_word' id='word_1_222' title='bbox 450 3055 566 3105; x_wconf 82' lang='lat' dir='ltr'>ferentes</span> <span class='ocrx_word' id='word_1_223' title='bbox 588 3063 648 3104; x_wconf 81' lang='lat' dir='ltr'>onte</span> <span class='ocrx_word' id='word_1_224' title='bbox 671 3071 769 3106; x_wconf 83' lang='lat' dir='ltr'>uersum</span> <span class='ocrx_word' id='word_1_225' title='bbox 792 3071 858 3104; x_wconf 73' lang='lat' dir='ltr'>orum</span> <span class='ocrx_word' id='word_1_226' title='bbox 875 3055 1031 3119; x_wconf 79' lang='lat' dir='ltr'>conspicitur</span> <span class='ocrx_word' id='word_1_227' title='bbox 1099 3055 1150 3104; x_wconf 89' lang='grc'>533</span> 
     </span>
     <span class='ocr_line' id='line_1_34' title="bbox 184 3123 1149 3187; baseline 0.001 -17"><span class='ocrx_word' id='word_1_228' title='bbox 184 3126 270 3186; x_wconf 84' lang='lat' dir='ltr'>queat</span> <span class='ocrx_word' id='word_1_229' title='bbox 287 3137 355 3174; x_wconf 77' lang='lat' dir='ltr'>corr.</span> <span class='ocrx_word' id='word_1_230' title='bbox 376 3123 473 3173; x_wconf 74' lang='lat' dir='ltr'>Bacch.</span> <span class='ocrx_word' id='word_1_231' title='bbox 541 3124 591 3173; x_wconf 80' lang='grc'>534</span> <span class='ocrx_word' id='word_1_232' title='bbox 608 3130 666 3186; x_wconf 76' lang='lat' dir='ltr'>post</span> <span class='ocrx_word' id='word_1_233' title='bbox 684 3139 780 3173; x_wconf 85' lang='lat' dir='ltr'>necem</span> <span class='ocrx_word' id='word_1_234' title='bbox 797 3124 890 3187; x_wconf 77' lang='lat' dir='ltr'>lepitur</span> <span class='ocrx_word' id='word_1_235' title='bbox 907 3135 1035 3171; x_wconf 86' lang='lat' dir='ltr'>mucrone</span> <span class='ocrx_word' id='word_1_236' title='bbox 1054 3135 1149 3184; x_wconf 83' lang='lat' dir='ltr'>paren·</span> 
     </span>
     <span class='ocr_line' id='line_1_35' title="bbox 184 3187 1151 3254; baseline 0 -16"><span class='ocrx_word' id='word_1_237' title='bbox 184 3189 221 3240; x_wconf 83' lang='lat' dir='ltr'>tis</span> <span class='ocrx_word' id='word_1_238' title='bbox 239 3191 288 3240; x_wconf 81' lang='lat' dir='ltr'>sed</span> <span class='ocrx_word' id='word_1_239' title='bbox 306 3197 458 3254; x_wconf 73' lang='lat' dir='ltr'>eaprcnctum</span> <span class='ocrx_word' id='word_1_240' title='bbox 509 3191 558 3240; x_wconf 87' lang='lat'>535</span> <span class='ocrx_word' id='word_1_241' title='bbox 576 3197 636 3253; x_wconf 80' lang='lat' dir='ltr'>post</span> <span class='ocrx_word' id='word_1_242' title='bbox 653 3206 747 3240; x_wconf 91' lang='lat' dir='ltr'>necem</span> <span class='ocrx_word' id='word_1_243' title='bbox 764 3192 856 3252; x_wconf 80' lang='lat' dir='ltr'>lepitur</span> <span class='ocrx_word' id='word_1_244' title='bbox 870 3187 915 3239; x_wconf 90' lang='lat' dir='ltr'>uel</span> <span class='ocrx_word' id='word_1_245' title='bbox 931 3193 1027 3252; x_wconf 86' lang='lat' dir='ltr'>sponte</span> <span class='ocrx_word' id='word_1_246' title='bbox 1044 3187 1151 3252; x_wconf 87' lang='lat' dir='ltr'>pericla</span> 
     </span>
    </p>
   </div>
   <div class='ocr_carea' id='block_1_4' title="bbox 184 3263 1150 3338">
    <p class='ocr_par' dir='ltr' id='par_1_13' title="bbox 184 3263 1150 3338">
     <span class='ocr_line' id='line_1_36' title="bbox 184 3263 1150 3338; baseline -0.002 -15"><span class='ocrx_word' id='word_1_247' title='bbox 184 3275 233 3324; x_wconf 81' lang='lat' dir='ltr'>sed</span> <span class='ocrx_word' id='word_1_248' title='bbox 252 3281 404 3338; x_wconf 71' lang='lat' dir='ltr'>expunctum</span> <span class='ocrx_word' id='word_1_249' title='bbox 479 3275 528 3325; x_wconf 87' lang='grc'>538</span> <span class='ocrx_word' id='word_1_250' title='bbox 551 3275 589 3324; x_wconf 79' lang='lat' dir='ltr'>Af</span> <span class='ocrx_word' id='word_1_251' title='bbox 610 3275 650 3323; x_wconf 81' lang='lat' dir='ltr'>Ac</span> <span class='ocrx_word' id='word_1_252' title='bbox 673 3274 747 3324; x_wconf 81' lang='lat' dir='ltr'>fatur</span> <span class='ocrx_word' id='word_1_253' title='bbox 767 3271 772 3335; x_wconf 86' lang='grc' dir='ltr'>Ι</span> <span class='ocrx_word' id='word_1_254' title='bbox 792 3287 888 3336; x_wconf 86' lang='lat' dir='ltr'>persce</span> <span class='ocrx_word' id='word_1_255' title='bbox 910 3263 1017 3333; x_wconf 41' lang='lat' dir='ltr'>mi¹¹A¹tre</span> <span class='ocrx_word' id='word_1_256' title='bbox 1057 3275 1150 3338; x_wconf 84' lang='lat' dir='ltr'>perete</span> 
     </span>
    </p>
   </div>
   <div class='ocr_carea' id='block_1_5' title="bbox 184 3359 1151 3556">
    <p class='ocr_par' dir='ltr' id='par_1_14' title="bbox 184 3359 1151 3556">
     <span class='ocr_line' id='line_1_37' title="bbox 184 3359 1151 3424; baseline -0.003 -17"><span class='ocrx_word' id='word_1_257' title='bbox 184 3359 313 3407; x_wconf 83' lang='lat' dir='ltr'>ministra</span> <span class='ocrx_word' id='word_1_258' title='bbox 329 3374 355 3424; x_wconf 73' lang='lat' dir='ltr'>p.</span> <span class='ocrx_word' id='word_1_259' title='bbox 391 3361 552 3421; x_wconf 79' lang='lat' dir='ltr'>¹corruptelae</span> <span class='ocrx_word' id='word_1_260' title='bbox 570 3365 632 3408; x_wconf 81' lang='lat' dir='ltr'>nota</span> <span class='ocrx_word' id='word_1_261' title='bbox 648 3359 733 3406; x_wconf 75' lang='lat' dir='ltr'>uersat</span> <span class='ocrx_word' id='word_1_262' title='bbox 748 3359 870 3419; x_wconf 67' lang='lat' dir='ltr'>praefica</span> <span class='ocrx_word' id='word_1_263' title='bbox 888 3364 926 3407; x_wconf 80' lang='lat' dir='ltr'>est</span> <span class='ocrx_word' id='word_1_264' title='bbox 993 3359 1043 3409; x_wconf 83' lang='grc'>543</span> <span class='ocrx_word' id='word_1_265' title='bbox 1061 3371 1151 3407; x_wconf 80' lang='lat' dir='ltr'>uersus</span> 
     </span>
     <span class='ocr_line' id='line_1_38' title="bbox 184 3426 1151 3489; baseline -0.003 -14"><span class='ocrx_word' id='word_1_266' title='bbox 184 3426 314 3475; x_wconf 78' lang='lat' dir='ltr'>excidisse</span> <span class='ocrx_word' id='word_1_267' title='bbox 332 3428 433 3475; x_wconf 79' lang='lat' dir='ltr'>uidetur</span> <span class='ocrx_word' id='word_1_268' title='bbox 448 3433 509 3488; x_wconf 78' lang='lat' dir='ltr'>pose</span> <span class='ocrx_word' id='word_1_269' title='bbox 526 3426 654 3476; x_wconf 85' lang='lat' dir='ltr'>inuentos</span> <span class='ocrx_word' id='word_1_270' title='bbox 668 3439 814 3489; x_wconf 66' lang='lat' dir='ltr'>putamquam</span> <span class='ocrx_word' id='word_1_271' title='bbox 831 3426 857 3474; x_wconf 78' lang='lat' dir='ltr'>in</span> <span class='ocrx_word' id='word_1_272' title='bbox 869 3426 957 3476; x_wconf 81' lang='lat' dir='ltr'>codice</span> <span class='ocrx_word' id='word_1_273' title='bbox 975 3429 1066 3477; x_wconf 75' lang='lat' dir='ltr'>lamna</span> <span class='ocrx_word' id='word_1_274' title='bbox 1084 3426 1151 3474; x_wconf 82' lang='lat' dir='ltr'>nulla</span> 
     </span>
     <span class='ocr_line' id='line_1_39' title="bbox 185 3491 824 3556; baseline 0.003 -16"><span class='ocrx_word' id='word_1_275' title='bbox 185 3498 224 3541; x_wconf 83' lang='lat' dir='ltr'>est</span> <span class='ocrx_word' id='word_1_276' title='bbox 238 3491 243 3556; x_wconf 88' lang='lat' dir='ltr'>l</span> <span class='ocrx_word' id='word_1_277' title='bbox 259 3495 329 3542; x_wconf 81' lang='lat' dir='ltr'>satis</span> <span class='ocrx_word' id='word_1_278' title='bbox 348 3492 400 3556; x_wconf 84' lang='lat' dir='ltr'>est]</span> <span class='ocrx_word' id='word_1_279' title='bbox 417 3493 481 3555; x_wconf 76' lang='lat' dir='ltr'>sort.</span> <span class='ocrx_word' id='word_1_280' title='bbox 500 3494 583 3544; x_wconf 81' lang='lat' dir='ltr'>satiet</span> <span class='ocrx_word' id='word_1_281' title='bbox 652 3492 701 3542; x_wconf 82' lang='grc'>546</span> <span class='ocrx_word' id='word_1_282' title='bbox 718 3497 824 3542; x_wconf 81' lang='lat' dir='ltr'>meurat</span> 
     </span>
    </p>
   </div>
   <div class='ocr_carea' id='block_1_6' title="bbox 0 0 1321 3946">
    <p class='ocr_par' dir='ltr' id='par_1_15' title="bbox 0 0 1321 3946">
     <span class='ocr_line' id='line_1_40' title="bbox 0 0 1321 3946; baseline 0 0"><span class='ocrx_word' id='word_1_283' title='bbox 0 0 1321 3946; x_wconf 95' lang='lat' dir='ltr'> </span> 
     </span>
    </p>
   </div>
  </div>
 </body>
</html>
