2576 3936
523 205 554 214 .,
580 129 583 131 ·
609 129 613 133 ·
638 95 642 100 ’
667 130 800 182 nrnls.

336 335 378 402 11.
408 336 487 419 Eup.
501 326 659 418 praelatio
673 333 847 399 trochaicis
860 333 1008 398 uersibus
1022 327 1124 398 dieta.

619 420 739 505 Incipit
749 421 836 486 Ylas.

310 579 392 644 Fata
408 600 521 642 canam
535 577 627 662 pueri
642 575 867 660 Nympharum
882 597 974 639 uersa
989 575 1094 638 calore

308 665 348 728 In
363 663 492 745 melius,
509 662 535 725 si
550 661 643 725 Musa
658 682 785 726 mones:
809 661 880 744 quis
898 681 989 724 casus
1004 659 1127 724 ademit

310 747 417 812 Alcidi
431 746 596 828 comitem,
612 746 757 809 solamen
772 745 863 808 dulce
878 743 1061 808 melorum?

309 832 450 897 Fuderat
463 830 583 894 Idalius
598 830 721 914 gremio
737 851 770 894 se
784 829 868 894 forte
883 829 1037 912 parentis

276 929 291 977 t
307 917 464 999 Pinniger
480 918 512 978 et
526 914 645 977 collum
659 912 812 978 uiolentis
828 914 971 977 cinxerat
986 911 1071 976 ulnis

310 999 427 1064 Oscula
441 1020 522 1082 pura
537 1019 664 1083 rogans.
697 1002 799 1062 mater
814 999 930 1062 deuota
945 1018 1093 1061 coruscos

309 1082 462 1167 Indulget
476 1082 585 1146 uultus
601 1103 756 1166 roseoque
772 1086 821 1146 est
836 1104 908 1146 orsa
922 1081 1054 1146 labello:

162 1197 195 1246 [p.
210 1200 232 1248 2]
311 1168 351 1232 ‘0
366 1166 479 1231 mundi
495 1166 648 1250 domitor,
667 1167 747 1230 caeli
762 1166 1033 1251 quoque'flamma
1046 1167 1199 1231 tonantis
1207 1217 1218 1250 ,

309 1253 441 1317 Numen
455 1273 554 1335 posco
569 1256 661 1315 tuum
677 1251 767 1315 cuius
782 1251 840 1315 sub
855 1251 925 1315 iure
939 1271 1080 1333 uapore,

262 1351 294 1398 10
308 1338 371 1401 Per
384 1341 441 1400 tua
455 1337 534 1418 tela,
550 1357 644 1418 puer,
660 1335 806 1398 fecundis
821 1335 915 1400 inlita
929 1334 1065 1398 flammis

310 1420 358 1484 Ut
373 1420 426 1483 des
441 1420 590 1483 effectum
604 1420 690 1483 uotis
706 1419 744 1482 de
760 1441 848 1483 more
863 1419 1016 1502 parentis

308 1504 366 1569 Nil
380 1504 468 1586 rude,
482 1507 568 1585 nate,
583 1524 698 1586 precor
711 1525 771 1568 nee
786 1504 921 1586 supplex
937 1503 1084 1586 improba
1097 1523 1216 1586 poseo,

309 1589 420 1653 Ardua
433 1610 502 1653 non
516 1588 611 1653 iubeo
628 1589 775 1671 quamuis
795 1588 898 1672 magis
916 1586 1015 1651 ardua
1031 1587 1168 1651 uineas?

308 1673 368 1736 Ille
383 1672 483 1737 refert
497 1673 608 1736 matris
623 1673 824 1756 disrumpens
838 1672 938 1736 uerba
951 1671 1127 1755 precandis:

261 1769 292 1816 15
308 1755 446 1840 ‘Magna
460 1757 548 1834 iube,
564 1777 632 1819 non
647 1777 724 1820 ausa
738 1758 841 1840 priuS,
857 1757 1007 1821 sublimia
1021 1754 1139 1819 manda

310 1840 337 1905 0
354 1839 502 1924 genitrix.
532 1860 595 1922 quo
609 1840 674 1903 tela
688 1861 785 1904 uocas
800 1845 856 1905 aut
871 1840 948 1925 quid
961 1841 1044 1924 petis
1059 1839 1124 1923 uri,

311 1923 413 1998 Quem
425 1923 534 1987 diuum
547 1924 641 1988 modo
653 1923 737 1988 forte
751 1925 843 1989 iubes
853 1925 1062 1990 hominumue
1074 1925 1215 1989 lacessi?

308 2008 477 2092 Exprime,
499 2007 689 2072 flammetur.
721 2009 798 2093 quid
811 2009 889 2073 fletu
910 2010 1034 2073 lumina
1047 2009 1200 2092 tinguis?
1231 2061 1235 2070 .

308 2093 438 2176 Audeo,
454 2094 481 2158 si
497 2093 621 2176 cupias,
637 2093 743 2176 ipsum
757 2094 921 2158 flammare
936 2093 1116 2158 Tonantem

259 2191 292 2238 20
307 2178 352 2243 Et
367 2178 532 2242 dominum
548 2178 628 2242 caeli
643 2178 725 2242 facie
740 2179 859 2242 uestire
874 2178 1004 2242 iuuenci

310 2261 516 2346 Oblitumque
531 2262 599 2345 poli
614 2285 723 2326 rursus
737 2263 861 2347 mugire
876 2284 934 2345 per
947 2263 1063 2326 herbas

309 2345 482 2410 Confessus
497 2366 555 2428 per
568 2349 662 2427 prata
675 2347 808 2410 bouem:
831 2348 923 2411 cadat
939 2368 1053 2411 aureus
1069 2345 1174 2409 imber

307 2429 448 2494 Diuitias
464 2434 501 2493 ut
515 2432 601 2493 tecta
614 2429 743 2513 pluant,
759 2431 802 2495 sit
815 2429 961 2510 fulminis
976 2431 1041 2495 ales

307 2514 381 2595 Ipse
397 2514 461 2594 sui,
477 2517 602 2595 satyrus
618 2535 735 2595 cycnus
750 2514 888 2579 Latonia
903 2537 1049 2598 serpens:

259 2609 291 2657 25
307 2596 496 2660 Alcmenam
511 2596 655 2680 galeatus
670 2604 771 2681 amet,
786 2620 938 2664 mucrone
954 2602 1098 2663 coruscet

206 2750 217 2771 .
307 2680 352 2744 Et
366 2680 469 2763 clipeo
484 2680 637 2744 rutilante
653 2685 744 2746 tonet
759 2683 834 2747 dum
849 2684 941 2748 miles
956 2683 1081 2747 adulter

309 2762 495 2849 Coniungat
508 2768 619 2829 noctes
634 2766 796 2831 subtracta
810 2768 880 2832 luce
896 2767 1030 2832 dierum.

308 2847 343 2914 Si
358 2847 465 2913 Pallas
478 2850 618 2934 placeat,
633 2855 762 2916 nostros
777 2852 841 2916 iam
857 2852 973 2917 sentiet
988 2853 1080 2936 ignes

310 3006 339 3056 11
356 3006 383 3054 r'n
399 3005 566 3068 inscriptione
584 3004 752 3054 thrcehaicis
811 3009 824 3054 1
843 3007 934 3056 Facta
949 3004 954 3070 Ι
971 3006 1060 3056 colore
1125 3006 1140 3055 5
1160 3023 1211 3056 uo-

242 3072 327 3122 lentis
349 3087 417 3123 corr.
440 3069 537 3124 Bneelr.
625 3075 656 3122 10
682 3074 747 3122 tnnc
772 3087 870 3122 uersum
896 3075 982 3124 eadent
1003 3089 1091 3123 manus
1120 3076 1209 3123 eodem

243 3147 384 3191 atramento
402 3141 428 3188 tn
445 3142 557 3204 maraine
580 3142 720 3204 adscripsit
742 3148 768 3190 et
787 3143 885 3190 ltneotr's
902 3158 956 3190 enm
974 3149 1047 3190 tenta
1065 3142 1207 3190 contnnoett.

243 3209 370 3270 neglectus
388 3214 428 3257 est
445 3208 617 3256 numeratione
635 3223 750 3257 uersuum
767 3209 901 3272 marpinntt
965 3210 996 3258 17
1014 3208 1152 3258 hominum
1172 3210 1205 3258 de

242 3276 356 3337 seqnitur
368 3278 531 3337 corruptelae
547 3277 643 3338 sigenam
694 3282 753 3338 post
771 3277 801 3323 21
821 3291 874 3325 carn
891 3282 1023 3326 structure
1040 3277 1091 3326 niet
1108 3279 1206 3326 omnino

244 3355 333 3389 uersus
355 3343 463 3403 periisse
485 3343 586 3390 uidetur
654 3343 687 3392 23
710 3343 768 3392 sint
786 3359 854 3393 corr.
873 3343 969 3393 Bacch.
1039 3345 1071 3392 24
1095 3342 1157 3408 Ipse
1177 3343 1205 3392 ui

242 3409 408 3471 corruptelae
430 3408 525 3470 sinnam
543 3409 629 3456 nerent
650 3411 832 3474 praepositum.
867 3425 936 3459 corr.
954 3409 1051 3458 Bneclr.
