2610 3946
203 225 246 291 90
567 222 805 295 sanissimum

308 376 371 441 Hic
386 399 459 442 reus
474 382 507 443 et
521 377 633 443 doctus
648 375 856 441 Uincemalcs
871 377 986 441 fuerat.

266 461 343 526 Non
357 462 490 526 laedunt
504 462 620 526 delicta
634 460 743 544 deum,
760 461 815 525 sed
828 460 966 525 laeditur
981 464 1096 526 auctor

309 545 353 610 Ni
368 550 498 629 peccata
512 546 624 610 dolens
662 545 803 610 aenitest
817 546 955 610 sceleris.

203 642 254 691 305
269 628 331 705 Qui
346 632 450 713 poscit
464 631 525 695 hac
538 631 610 716 lege
647 651 720 694 eum
735 634 773 694 ut
784 632 918 714 peecata
931 630 1063 713 relaxet,

309 713 415 779 Debet
429 719 462 779 et
475 716 544 798 ipse
559 736 618 780 auo
633 735 763 798 parcere
778 714 897 799 ubique
912 735 978 778 reo.

266 797 343 864 Non
358 800 457 863 semel
470 799 596 883 ignosci
611 799 693 862 dixit
706 799 758 861 lex
773 801 883 864 sancta
896 803 1030 881 reatum,

311 882 373 948 Sed
387 884 537 968 quotiens
552 884 646 966 culpa
661 887 710 947 est
724 883 766 947 sit
779 883 899 947 totiens
913 883 1019 946 uenia.

267 966 381 1031 Dicam
396 968 547 1051 regnanti
563 967 693 1031 domino
708 966 762 1050 pie
777 967 876 1031 uerba
889 967 1083 1050 prophetae:

203 1064 255 1113 310
312 1051 400 1115 ‘Etsi
414 1051 545 1134 peccaui
560 1072 632 1114 sum
645 1055 754 1115 tamen
769 1051 838 1134 ipse
852 1054 948 1115 tuus'.

269 1134 321 1198 Da
335 1135 474 1218 ueniam,
488 1137 638 1198 miserere
653 1156 776 1218 precor,
792 1155 939 1200 succurre
954 1135 1096 1219 roganti,

310 1217 452 1284 Pristinu
466 1219 631 1284 sufficiant
645 1221 780 1283 uerbera
794 1219 901 1283 uincla
917 1219 1027 1283 fames.

268 1301 432 1368 Sessorem
446 1304 523 1368 dum
539 1304 641 1387 carpit
655 1304 717 1368 iter
732 1304 760 1367 si
774 1324 892 1367 cornea
905 1303 1037 1387 pulsans

311 1387 444 1474 Ungula
458 1389 623 1453 concutiat
637 1388 907 1471 quadrupedantis
923 1388 997 1471 equi

205 1484 256 1533 315
272 1470 414 1537 Uerbere
430 1473 601 1558 corrigitur
617 1471 711 1555 culpe
724 1472 885 1555 plectente
900 1472 996 1556 flagel
1010 1493 1046 1537 o:

310 1556 388 1621 Non
402 1557 498 1621 simul
513 1557 628 1622 abscisi
643 1577 737 1620 crura
749 1555 910 1640 pedesque
924 1557 1039 1620 iacent.

316 1711 460 1793 Explicit
477 1710 659 1776 satisfactio
677 1710 845 1776 Dracontii
863 1709 904 1774 ai
918 1709 1114 1776 (iuthenun-

272 1796 344 1862 iun
366 1816 473 1882 regen
492 1798 727 1865 inanimum
746 1798 819 1864 iun
837 1799 922 1864 assat
938 1799 974 1864 in
991 1797 1145 1865 uinculis.

272 1988 322 2036 302
340 1984 428 2036 Uincc
446 1987 534 2038 malos
552 1990 604 2039 uid.
623 1990 730 2039 indicem
742 1988 918 2040 Uincomaius
930 1990 1061 2040 Areualua
1122 1989 1172 2040 307

205 2053 239 2115 cf.
258 2053 351 2104 Mutet.
371 2056 403 2105 18
421 2070 452 2110 21.
466 2071 491 2110 22
512 2057 576 2106 Luc.
596 2058 628 2107 1⁷
645 2072 691 2112 nc
758 2060 808 2108 310
829 2053 905 2122 Etsi]
929 2061 957 2107 et
980 2057 1084 2107 delenit
1106 2073 1174 2107 man.

204 2136 257 2170 rec,
280 2122 313 2184 es.
335 2122 535 2188 Sapient.152
611 2126 661 2175 313
681 2132 742 2189 post
765 2125 790 2173 si
813 2127 908 2189 exipua
929 2127 1008 2175 litura
1027 2122 1173 2189 {palpans

204 2204 272 2242 corr.
285 2191 413 2243 Areuaiuc
475 2195 524 2243 316
543 2193 661 2243 abscissi
678 2193 807 2242 Areuaiua
873 2192 990 2242 Ceterum
1006 2193 1108 2242 ultimae
1124 2208 1174 2256 pa-

203 2257 280 2320 piuae
296 2261 356 2309 inde
373 2278 390 2310 a
407 2275 483 2310 uersu
495 2263 544 2311 307
566 2262 658 2310 literae
673 2261 769 2324 partim
781 2261 906 2310 casanistae
924 2260 1029 2323 difficile
1046 2261 1173 2322 leputatur.
