2610 3946
474 197 713 250 sarlsrncrlo

182 349 344 413 Irascente
360 347 418 411 deo
434 350 557 411 mentes
572 350 739 413 mutantur
754 353 787 412 et
801 354 889 414 artus
896 401 905 434 ‚

127 447 168 495 30
224 431 406 496 Ueriuntur
420 453 531 496 sensus
547 433 685 496 uertitur
700 436 733 496 et
747 434 884 516 species:

182 518 351 582 Persarum
367 536 477 600 regern
492 515 678 598 Babylonae
695 537 796 600 regna
812 521 976 584 tenentem

225 601 305 666 Post
320 599 414 663 decus
429 599 558 683 imperii
572 601 644 683 quis
659 605 757 685 neget
772 623 839 666 esse
855 603 995 668 bouem?

182 685 227 751 Et
242 684 451 748 diademalem
465 687 637 768 turparunt
651 705 772 750 cornua
785 685 941 771 frontem,

226 768 371 853 Mugitus
384 767 516 852 pecudis
530 768 629 832 uerba
643 769 732 833 fuere
748 768 837 834 duci:

130 869 167 916 35
181 853 369 938 Agricolam
384 852 493 917 timuit
506 856 581 934 post
595 851 747 917 Parthica
760 875 861 939 regna
875 855 1051 920 bubulcum

226 937 456 1019 Summisitque
471 958 593 1019 pauens
608 937 698 1022 regia
713 937 797 1002 colla
810 939 898 1023 iugo,

182 1022 314 1086 Errauit
327 1041 385 1103 per
399 1024 493 1103 prata
506 1041 609 1105 uagus
625 1021 709 1086 mala
723 1023 871 1107 gramina
884 1027 1005 1108 pastus,

225 1105 271 1170 Et
284 1107 340 1188 qui
351 1106 449 1169 homo
460 1105 519 1169 bos
530 1106 637 1170 fuerat
647 1104 685 1168 de
700 1107 784 1171 boue
795 1108 900 1172 factus
915 1107 1012 1174 homo
1025 1112 1082 1174 est.

182 1190 294 1274 Liquit
308 1192 341 1254 et
356 1189 489 1252 antistes
504 1190 613 1254 senior
626 1193 718 1272 pater
732 1191 786 1256 ille
800 1191 957 1258 Iohannis

131 1289 168 1336 40
224 1273 438 1357 Elinguisque
452 1273 517 1336 fuit
530 1294 610 1338 uoce
625 1277 751 1338 tacente
767 1275 874 1339 silens.

183 1361 246 1422 Ast
260 1378 321 1442 ego
335 1356 496 1440 peccando
512 1377 582 1504 redgr
597 1355 792 1441 dominoque
807 1359 930 1444 deoque

225 1442 321 1506 Peior
337 1464 407 1506 sum
421 1442 525 1506 factus
561 1442 742 1526 eteriorque
757 1464 845 1508 cane.

184 1525 329 1591 Uulnera
343 1527 453 1590 uexati
467 1530 557 1590 curat
572 1548 630 1590 sua
644 1526 758 1611 lingua
770 1527 911 1610 molossi,

225 1609 298 1675 Heu
313 1631 384 1674 mea
399 1611 518 1694 quippe
533 1610 614 1675 mihi
628 1610 764 1674 uulnera
777 1611 890 1696 lingua
904 1611 1000 1677 dedit.

132 1708 167 1756 45
183 1694 246 1760 sed
261 1695 316 1779 qui
331 1695 472 1759 restituit
484 1695 616 1777 pecudis
630 1698 705 1778 post
718 1696 862 1759 membra
876 1696 1007 1778 tyranni

227 1779 273 1844 Ut
287 1781 378 1844 fieret
392 1778 518 1846 rediens
532 1778 655 1863 ungula
669 1779 744 1842 fissa
757 1801 881 1862 manus,

184 1863 309 1946 Quique
323 1863 514 1928 reformauit
527 1865 644 1927 tacitae
660 1863 878 1928 modulamina
891 1863 1021 1950 linguae

226 1945 277 2014 Ne
292 1948 462 2012 mutilante
478 1968 557 2012 sono
573 1948 673 2012 uerba
687 1948 787 2032 ligata
802 1949 901 2032 daret,

183 2033 256 2116 Ipse
271 2053 343 2097 meo
359 2032 490 2096 domino
506 2033 583 2096 deus
597 2033 735 2116 imperat
749 2037 845 2115 atque
861 2033 985 2097 iubebit

135 2131 169 2178 5ο
226 2115 273 2180 Ut
286 2138 338 2180 me
353 2117 503 2180 restituat
516 2116 729 2198 respiciatque
743 2116 825 2198 pius,

105 2239 114 2248 .
186 2199 301 2266 Seruet
314 2201 368 2264 aui
383 2204 420 2265 ut
433 2199 543 2264 laudes
559 2199 663 2264 dicam
676 2201 859 2282 patriasque
875 2221 1011 2282 suasque

228 2284 353 2368 Perque
369 2307 441 2350 suas
456 2284 563 2367 proles
578 2284 760 2368 regiauota
774 2304 899 2347 cana-m..

188 2369 292 2452 Culpa
302 2369 435 2516 guidem
449 2369 557 2452 grauis
573 2372 621 2432 est
636 2369 733 2432 uenia
746 2367 802 2432 sed
817 2366 915 2452 digna
929 2371 1036 2432 reatus

229 2452 299 2528 Quo
337 2455 405 2518 sine
420 2453 544 2537 peccati
559 2451 692 2516 crimine
707 2473 803 2516 nemo
818 2451 897 2516 fuit:

139 2550 173 2599 55
188 2537 274 2602 Nam
290 2537 584 2620 deusomnipotens
598 2536 706 2619 potuit
720 2558 793 2601 cum
810 2535 964 2600 conderet
978 2536 1089 2601 orbern

228 2621 386 2686 Tristibus
402 2622 517 2686 amotis
532 2621 649 2706 gaudia
664 2619 733 2684 sola
747 2620 832 2704 dare,

188 2704 251 2771 Sed
265 2705 392 2770 diuersa
406 2727 516 2770 creans
532 2709 565 2769 et
579 2704 793 2770 discordantia
808 2705 914 2770 iunxit

231 2790 275 2856 Et
290 2793 375 2855 bona
388 2791 490 2854 mixta
504 2789 596 2854 malis
612 2794 645 2853 et
659 2789 743 2854 mala
757 2791 858 2854 mixta
872 2790 976 2855 bonis.

190 2873 242 2940 Sic
257 2874 416 2940 elementa
429 2880 545 2957 potens
560 2874 721 2938 contraria
735 2874 865 2938 miscuit
880 2877 992 2938 auctor

207 3099 238 3146 31
262 3098 288 3146 in
311 3100 422 3162 morqinc
444 3110 531 3146 manus
551 3097 680 3145 recentior
701 3097 841 3160 adscripsit
862 3093 1054 3160 Nabuchodn'i

123 3165 156 3214 38
174 3161 255 3214 homo
277 3181 324 3214 om.
343 3164 463 3215 Sirmond
530 3165 562 3214 39
581 3161 684 3228 Liquit]
708 3165 775 3213 inter
794 3165 806 3211 i
822 3171 847 3212 et
866 3178 883 3226 q
906 3165 995 3212 literas
1016 3164 1090 3212 unius

122 3235 163 3280 uei
185 3233 290 3282 duarum
311 3234 442 3282 titerarum
457 3232 567 3295 spatium
585 3236 624 3280 ert
641 3226 647 3294 Ι
666 3228 769 3294 senior]
790 3231 800 3278 i
818 3236 844 3279 et
861 3245 874 3278 r
891 3229 986 3280 literas
1003 3243 1091 3279 munuc

122 3302 251 3349 recentior
277 3302 303 3348 in
329 3315 460 3349 erasarum
486 3301 565 3348 iocum
586 3300 698 3361 scripsit.
719 3297 783 3360 sort.
808 3298 962 3347 Dracontius
984 3297 1092 3360 scripsit

124 3367 216 3416 sancti
234 3367 268 3429 cs.
288 3369 313 3418 d.
326 3369 373 3417 deo
391 3367 418 3415 11
436 3367 490 3440 ⁶⁷⁶.
503 3378 586 3414 uerus
602 3365 753 3428 interpolati
769 3371 794 3413 et
812 3365 941 3414 Areualua
997 3364 1030 3414 45
1048 3368 1092 3427 ty·

123 3499 236 3534 rennnm
257 3484 377 3536 Sirmond
452 3485 484 3534 53
505 3433 625 3535 ueniti-i.
643 3499 664 3534 e.
682 3482 792 3532 ueniam

173 3568 306 3608 Duoonrn
320 3567 433 3608 carmine.
870 3568 886 3615 6
