2576 3936
230 177 270 242 18
570 177 853 232 corruounusm

292 328 400 392 Instar
414 325 536 391 habent
549 326 659 391 hostes
675 347 755 409 quos
771 327 893 390 sanctio
907 326 999 390 nulla
1014 333 1151 411 coercet,

294 411 496 477 Condemnat
510 410 598 476 solus
613 411 722 474 ciuilia
736 410 807 474 iura
820 414 986 492 tyrannus.

229 509 280 558 235
294 495 414 561 Nonne
426 495 656 578 triumphantis
671 494 777 578 legem
791 494 818 558 si
833 494 917 559 forte
932 496 1090 577 superbus

293 580 466 645 Temneret
481 584 538 643 aut
551 579 644 662 parui
658 578 802 660 pendens
817 579 1001 663 quicunque
1013 583 1153 665 putaret,

293 664 475 749 Sacrilegus
491 667 665 727 temerator
678 662 766 728 iners
780 663 929 727 inimicus
945 668 977 728 et
991 663 1095 727 hostis

293 749 446 813 Publicus
461 748 516 811 ille
530 748 625 828 foret,
641 747 750 831 legum
765 750 887 810 secreta
901 747 1044 811 tribunal

292 833 516 917 Iamquateret
526 830 662 913 strepitu
673 830 888 912 iuuenis,fora
897 836 1198 920 nostracreparent,

230 930 281 978 240
295 917 369 1000 Ipse
385 916 547 980 cicatrices
563 914 719 979 subducta
732 913 841 979 fronte
856 920 999 980 recentes

293 1000 439 1065 Pectoris
455 999 562 1063 effossi
577 999 698 1082 populo
713 1003 908 1064 monstraret
923 1004 955 1064 et
967 1001 1038 1064 urbi

295 1083 451 1148 ‘Uirtutis
463 1083 567 1147 laesae
583 1083 692 1168 grauis
707 1087 755 1147 est
769 1083 888 1147 iniuria
903 1082 1018 1149 Marti’
1273 1061 1277 1200 l

294 1167 455 1233 Clamaret
469 1189 527 1251 per
541 1168 662 1250 templa
676 1167 765 1231 Iouis
779 1189 838 1251 per
850 1169 973 1252 templa
987 1167 1166 1254 Mineruae,

295 1251 416 1318 ‘Nemo
433 1253 533 1317 aciem
546 1253 668 1334 subeat,
683 1252 792 1316 nullus
803 1257 992 1336 prorumpat
1005 1254 1041 1317 in
1053 1253 1194 1320 hostem’
1272 1264 1277 1364 l

229 1350 279 1399 245
294 1336 441 1418 Diceret,
457 1337 669 1401 infremerent
683 1357 794 1401 omnes
809 1358 875 1400 uno
890 1359 910 1400 a
933 1338 1019 1400 mine
1036 1340 1148 1403 ciues?
1276 1397 1277 1405 ,

292 1421 458 1504 Pauperis,
473 1443 492 1485 o
507 1441 666 1504 proceres,
681 1420 870 1504 languentia
885 1358 969 1485 oolla
983 1423 1096 1487 sinetis

293 1504 460 1570 Carnificis
475 1508 626 1569 truncare
641 1504 796 1568 manum?
818 1527 887 1569 non
901 1527 990 1570 arma
1004 1509 1165 1591 tubasque
1274 1454 1277 1572 l

293 1589 422 1655 Tollitis
445 1593 478 1654 et
492 1590 605 1653 saltem
621 1589 730 1654 ciuilia
744 1589 828 1653 bella
842 1589 1005 1654 monetis?

141 1688 169 1744 ip.
184 1691 216 1743 ιε]
295 1673 378 1748 Quid
393 1674 483 1757 plebs
497 1677 610 1739 nostra
624 1674 733 1738 taces?
756 1673 845 1738 diues
859 1673 1057 1757 praeiudicat
1071 1677 1148 1740 urbi
1273 1644 1277 1734 l

229 1771 280 1819 250
295 1759 340 1822 Et
353 1759 474 1841 pariter
488 1762 545 1822 tua
559 1759 630 1821 iura
644 1763 752 1842 negat,
767 1759 977 1841 praescriptio
993 1760 1097 1843 surgit
1276 1768 1277 1777 ’

293 1841 381 1917 Quae
396 1842 517 1924 populo
534 1841 635 1905 uitam
650 1841 896 1926 libertatemque
910 1844 1051 1928 negabit.
1275 1842 1277 1935 l

292 1925 528 2010 Nongemitis,
543 1947 612 1989 non
628 1926 711 1989 fletis
726 1925 846 2010 adhuc,
862 1949 930 1993 non
945 1950 1034 1992 arma
1047 1929 1198 2011 paratis?

292 2008 411 2074 Laudis
427 2010 487 2074 erit
501 2009 607 2074 fateor
620 2031 679 2093 pro
694 2009 843 2075 libertate
858 2012 978 2094 perire:

291 2093 376 2158 Nam
391 2116 449 2178 pro
466 2093 623 2179 Uerginia
638 2114 710 2158 cum
747 2095 815 2158 lebs
831 2096 957 2160 arderet
970 2096 1005 2160 in
1019 2097 1067 2158 ira

228 2191 279 2240 255
295 2179 417 2244 Montis
433 2179 590 2244 Auentini
603 2179 711 2243 tenuit
724 2117 873 2243 Pomaria
887 2201 1049 2263 cacumen,

293 2263 375 2328 Cum
389 2267 481 2346 pater
496 2264 658 2349 egregiam
672 2265 848 2346 prostrauit
863 2269 966 2328 morte
980 2265 1122 2348 puellam

290 2347 463 2430 Impietate
477 2349 559 2431 pius,
575 2369 616 2412 ne
633 2347 785 2412 Claudius
800 2352 883 2412 esset
897 2348 1031 2413 adulter.

291 2431 359 2496 Nec
374 2431 513 2515 populus
528 2432 611 2495 liber
626 2435 720 2514 capto
733 2432 772 2495 de
787 2435 897 2496 monte
912 2434 1038 2515 rediret,

290 2515 387 2579 Plebs
402 2516 465 2580 nisi
481 2515 668 2599 sumpsisset
682 2536 755 2579 cum
770 2516 917 2580 libertate
931 2517 1140 2601 triumphum.

148 2647 208 2750 {2¹¹2
229 2662 279 2712 260
296 2646 454 2731 Uidimus,
471 2669 489 2712 o
506 2650 600 2731 ciues,
615 2649 771 2733 fugientis
785 2652 935 2735 pauperis
951 2674 1007 2717 ora

294 2731 375 2797 (lum
390 2733 537 2797 manibus
553 2734 729 2817 quaesisset
744 2757 837 2819 opem
853 2737 922 2800 sine
937 2757 1016 2802 uoce
1034 2737 1187 2822 rogantis.

291 2815 455 2881 Diximus:
470 2817 573 2882 hostis
589 2817 686 2883 adest.
717 2820 828 2884 ueniat
842 2820 893 2884 uir
908 2819 1001 2885 fortis
1017 2825 1050 2885 et
1064 2822 1147 2885 adsit

291 2900 389 2966 Cuius
404 2902 498 2985 inops
514 2902 684 2968 simulacra
698 2907 795 2981 tenet,
812 2905 864 2968 cui
880 2926 972 2969 crura
986 2904 1114 2969 lacertis

290 2983 401 3050 Oinxit
415 2988 448 3049 et
462 2985 502 3050 ad
516 2987 642 3071 plantas
657 2992 836 3070 prostratus
850 2988 979 3074 plangit
993 3009 1114 3074 egenus

225 3082 275 3132 ‘265
291 3069 489 3155 Belligerum
511 3093 569 3135 ceu
589 3094 710 3136 numen
733 3072 864 3136 habens.
899 3073 974 3138 dum
995 3096 1116 3157 pronus
1138 3073 1188 3137 ad·

936 3159 1055 3242 haeret,

293 3326 343 3375 233
365 3329 477 3377 conicias
499 3327 577 3377 Iusta
599 3329 704 3391 pauent
727 3321 731 3391 l
755 3327 841 3379 hostis
908 3331 956 3378 242
980 3329 1077 3378 martis·
1142 3332 1187 3379 243

226 3391 347 3442 clamare
399 3393 597 3443 2lfiDicerent
647 3395 798 3444 247manu
850 3397 1187 3458 aconecarefiv11144

223 3457 323 3510 Buect.
381 3461 432 3509 254
449 3459 581 3522 uergente
599 3460 626 3508 in
644 3461 756 3524 niorpine
773 3464 895 3525 praefixo
912 3470 951 3511 est
969 3470 1029 3512 nota
1047 3461 1073 3526 Il
