2576 3936
515 241 583 291 vm
600 243 734 292 cro-rae
1068 240 1110 305 45

212 392 297 468 Quas
313 413 409 474 super
424 391 576 474 accipiter
590 391 731 456 uolitans
750 391 858 477 grauis
873 391 1020 456 imminet
1035 392 1110 456 ales.

211 476 301 541 Tune
316 477 429 540 sollers
444 496 548 560 augur
563 480 668 540 cretus
683 475 721 539 de
737 478 833 560 gente
848 475 1001 559 Melampi

147 574 199 623 460
213 560 315 635 Quem
329 561 397 624 fors
413 559 453 624 ad
468 558 610 644 Cyprum
624 560 754 625 dederat
768 582 826 644 per
840 560 922 624 festa
937 560 1076 643 dierum,

210 645 255 709 Et
269 645 315 710 sio
331 666 422 708 orsus
437 645 483 710 ait
495 667 709 729 prorumpens
724 666 803 710 uoce
818 647 940 729 sagaci:

212 729 274 793 ‘Te
290 729 434 793 oblatiua
447 733 562 812 petunt
576 731 686 794 auium
699 751 854 812 responsa
868 729 1053 794 uolantum:

214 812 396 878 Oonubium
411 813 572 896 spondent
585 813 792 898 praefulgens
808 835 863 878 ore
878 813 993 877 decoro

211 897 330 962 Idaliae
345 897 508 980 uolucres,
527 897 565 962 de
579 902 675 983 gente
690 898 847 963 Tonantis
863 898 967 962 olores

148 995 199 1045 465
211 982 410 1046 Promittant
423 983 580 1080 genitam,
597 982 652 1046 sed
667 983 784 1048 miluus
800 981 931 1047 horrida
944 982 1020 1046 fata.

211 1066 297 1131 Ditis
313 1067 399 1131 enim
414 1071 560 1151 arguatur
574 1068 658 1149 auis,
673 1068 749 1132 lieet
763 1068 844 1132 hora
858 1071 988 1150 peracta

214 1151 323 1215 Tertia
338 1151 456 1235 quippe
472 1151 557 1216 sinat
571 1152 703 1216 Phoebo
720 1152 874 1216 candente
890 1151 1054 1216 uolucrem

212 1234 300 1300 Uera
313 1257 371 1319 per
386 1237 578 1300 immensum
592 1237 758 1320 praesagia
772 1237 855 1300 ferre
870 1258 1029 1319 rapacem.

212 1319 348 1384 Martius
363 1321 515 1404 accipiter
530 1319 637 1384 dotem
651 1321 721 1384 fera
735 1320 820 1383 bella
834 1321 1006 1384 minatur'.

149 1416 201 1464 470
213 1405 304 1467 Tune
318 1404 409 1468 Paris
425 1405 464 1468 ad
477 1404 601 1469 caelum
613 1404 749 1468 tendens
765 1425 837 1468 cum
852 1403 974 1466 lumine
988 1403 1111 1486 palmas

212 1487 356 1552 Numina
369 1510 488 1574 magna
499 1493 596 1553 uocat
632 1511 745 1554 uerum
755 1493 954 1572 matremque
965 1486 1111 1552 Dionen:

214 1577 339 1636 ‘Aurea
354 1573 468 1637 siderei
483 1573 590 1656 proles
606 1513 717 1638 benus
731 1573 817 1638 alma
830 1573 989 1637 Tonantis

214 1657 359 1721 Numina
373 1658 461 1721 mille
476 1662 606 1740 tenens,
622 1662 706 1723 artes
720 1659 772 1722 cui
787 1657 875 1721 mille
890 1657 1022 1721 fauendi

215 1742 280 1806 Dat
294 1747 385 1824 pater
400 1746 432 1806 et
446 1745 542 1806 natus
556 1742 686 1825 supplet
700 1741 810 1824 simul,
827 1741 937 1805 omina
951 1741 1043 1804 firma

148 1838 199 1886 475
212 1824 301 1901 Quae
315 1847 434 1910 cycnus
448 1827 605 1912 genitoris
620 1827 702 1912 agit,
718 1848 799 1909 quae
814 1830 921 1891 uestra
936 1825 1085 1890 columba
1117 1839 1194 1891 [157]

214 1908 369 1974 Prodidit.
400 1911 559 1976 infaustos
575 1932 656 1995 opus
673 1916 721 1976 est
736 1911 885 1976 cohibere
900 1911 1043 1992 uolatus,

214 1994 327 2058 Martis
343 2001 376 2060 et
389 1995 509 2059 inferni
524 1996 672 2060 uolucres
687 1997 826 2080 raptoris
842 1997 984 2060 obuncas
1102 2059 1104 2064 .

213 2083 329 2163 Augur
343 2101 535 2144 auerrunees
550 2081 646 2144 sacris
654 2131 662 2163 ‚
679 2082 794 2163 quibus
809 2081 946 2163 imperat
961 2083 1074 2144 auctor

214 2164 331 2228 Troius
345 2164 400 2228 ille
414 2187 495 2248 puer
510 2164 710 2248 Ganymedes
726 2165 873 2229 conditor
888 2163 965 2227 artis

150 2259 201 2308 480
213 2247 258 2312 Et
271 2247 378 2313 Polles
394 2250 446 2313 eui
459 2251 561 2333 pinna
575 2249 694 2331 loquax
709 2247 764 2312 dat
777 2268 871 2312 nosse
886 2247 1019 2310 futura’

215 2332 321 2396 Pauca
334 2338 482 2415 precatus
498 2338 567 2397 crat
581 2333 716 2417 supplex
731 2337 763 2396 61
777 2332 899 2415 templa
911 2331 1041 2395 subibat

217 2416 370 2481 Uestibus
385 2418 516 2482 indutus
531 2418 636 2500 Tyriis
652 2422 685 2482 et
699 2417 819 2481 murice
834 2416 935 2500 regni.

216 2499 394 2566 Uersieolor
404 2503 549 2585 chlamys
565 2503 636 2586 ipsa
647 2503 710 2566 fuit
719 2524 816 2584 quam
832 2521 975 2584 purpura
985 2498 1114 2584 fulgens

216 2584 417 2651 Flammabat
431 2587 546 2650 diffusa
562 2586 718 2668 bumaria,
734 2587 817 2650 hanc
832 2585 932 2650 fibula
946 2584 1079 2648 mordax

153 2680 204 2730 485
216 2669 328 2754 lungit
342 2677 375 2734 et
390 2675 522 2735 ornatus
536 2672 647 2735 iuueni
661 2671 734 2755 plus
749 2670 899 2735 admouet
914 2690 1027 2734 aurum
1068 2741 1070 2745 y

218 2753 288 2826 Quo
305 2754 457 2820 distincta
471 2756 569 2820 micat
579 2756 711 2820 radians
729 2777 787 2840 per
802 2755 940 2819 stamina
954 2753 1062 2817 uestis,

219 2837 333 2904 Cetera
347 2841 442 2904 turba
457 2861 562 2904 comes
577 2840 720 2925 Phrygio
737 2840 898 2904 succincta
912 2837 1025 2902 decore

216 2921 386 3007 Fulgebat.
417 2923 549 2988 delubra
563 2931 676 3007 petens
691 2924 827 2988 intrauit
841 2922 881 2987 ad
896 2943 967 2986 aras

218 3006 332 3072 Pastor
347 3009 428 3072 etin
444 3030 511 3072 sese
527 3013 715 3073 cunctorum
731 3009 854 3072 lumina
869 3007 981 3071 uertit:

217 3265 268 3312 460
285 3266 340 3314 sine
359 3265 434 3314 dubio
447 3265 552 3314 Paridis
570 3268 717 3315 mentionem
734 3268 778 3330 qai
793 3266 893 3320 fecerat
911 3277 999 3312 :cereus
1018 3261 1117 3310 eccidit

151 3331 202 3381 463
222 3331 393 3382 Connubium
453 3335 499 3382 411
521 3333 635 3382 Dionem
692 3335 743 3383 474
761 3335 853 3382 omnia
870 3346 939 3379 corr.
958 3329 1011 3379 IM
1064 3330 1115 3380 476

153 3399 277 3447 l'roddit
300 3417 367 3450 ωιτν.
386 3399 474 3448 Bceolz
505 3417 535 3450 m.
555 3401 592 3448 rt.
671 3401 721 3451 478
747 3400 837 3463 Augur
861 3398 1023 3446 aberrantes
1046 3412 1114 3446 corr.

152 3464 247 3514 Bceet.
323 3469 373 3517 479
397 3468 552 3530 ganimedes
626 3470 676 3518 483
701 3470 785 3516 Persa
808 3465 904 3514 clamis
927 3482 996 3514 corr.
1019 3463 1116 3514 Bueot.

155 3548 185 3581 m.
203 3534 242 3581 rt.
301 3536 350 3585 485
369 3533 496 3584 admonet
516 3532 595 3584 aurai
613 3549 679 3584 com.
701 3535 718 3583 I
722 3534 754 3583 M
811 3533 861 3583 486
880 3531 958 3592 Quod
977 3547 1045 3581 corr.
1063 3531 1082 3580 Ι
1086 3530 1119 3580 M
