2576 3936
516 251 542 302 V
561 253 693 303 118-177

185 404 307 464 Annua
321 400 480 465 nobilium
494 402 677 484 praestabat
690 400 811 474 funera,
819 402 947 484 templis

120 495 171 547 150
187 484 391 568 Saturnoque
407 485 476 548 seni
490 507 607 568 pueros
622 485 783 549 mactabat
797 486 836 549 ad
851 507 932 569 aras,

184 569 304 633 Tristia
317 569 531 652 plangentum
545 568 720 633 foedabant
735 591 791 634 ora
805 573 985 653 parentum.

184 653 256 717 Hoc
271 653 322 716 uir
336 652 430 717 fortis
445 653 530 737 agis,
547 652 713 736 rapientur
728 655 851 718 uiscera
865 657 978 736 matri,

184 737 230 800 Et
243 737 327 821 perit
341 739 417 800 ante
433 737 543 801 oculos
558 737 715 822 genitoris
729 738 847 822 pignus
863 743 1004 802 amatum

184 823 253 885 Aut
266 822 387 905 populo
403 824 568 903 spectante
586 821 700 886 cadet?
729 844 802 887 cum
816 822 914 886 Troia
924 823 1063 969 periret,

119 917 170 966 155
186 904 287 969 Pilius
302 904 450 968 Aeacidis
465 905 518 968 uel
532 905 651 969 uindex
666 905 809 988 Pyrrhus
826 906 923 970 Achil
937 907 965 970 is

182 992 270 1072 Ante
285 990 395 1054 oculos
409 989 531 1053 Priami
545 991 702 1073 percussit
716 995 811 1055 nocte
826 990 957 1055 Politen

183 1073 268 1138 Belli
283 1075 352 1137 iure
366 1072 488 1138 furens.
517 1077 627 1138 tamen
641 1075 722 1139 ultio
740 1075 838 1160 digna
852 1075 953 1139 relata
968 1079 1025 1158 est,
1114 1083 1115 1086 ’

182 1159 198 1224 Ι
222 1179 255 1222 se
270 1157 502 1241 Neoptolemus
517 1159 617 1229 iacuit
630 1181 798 1242 percussus
813 1160 854 1224 ad
868 1181 954 1224 aras:

183 1181 328 1318 (dualiter
342 1243 490 1326 impietas
505 1264 538 1306 se
554 1242 712 1325 uindicat,
727 1244 825 1328 impie
841 1245 953 1309 uictor.

118 1338 168 1388 160
184 1325 269 1402 Quid
283 1327 394 1392 matris
408 1327 532 1411 patriae
547 1327 763 1391 uenerandam
777 1328 895 1412 polluis
911 1327 1040 1392 arcem?

182 1411 223 1476 In
238 1432 302 1494 qua
314 1411 436 1495 templa
451 1411 571 1494 sedent,
586 1412 643 1476 ubi
657 1413 791 1476 numina
806 1433 901 1496 saepe
916 1412 1039 1495 precati

181 1494 354 1580 Fleximus,
369 1499 406 1559 ut
421 1517 530 1580 sospes
544 1495 671 1560 rediens
687 1501 720 1561 et
733 1496 837 1562 uictor
851 1496 887 1560 in
902 1496 998 1560 armis

182 1578 335 1664 Captiuos
349 1584 424 1664 post
437 1581 522 1645 bella
536 1581 668 1645 trahens
684 1585 717 1645 et
730 1581 863 1645 uulnere
879 1582 979 1645 lassos

181 1664 323 1729 Intrares
338 1665 491 1748 patriam,
506 1687 548 1728 ue
563 1687 677 1728 saeuus
692 1665 837 1729 uinceret
851 1664 954 1728 hostis

118 1759 167 1809 165
182 1746 245 1822 Qui
260 1749 414 1813 scandens
429 1771 538 1814 muros
554 1750 640 1814 ciues
654 1749 792 1813 laniaret
805 1749 841 1813 in
856 1749 943 1812 urbe,

180 1832 253 1897 Hoc
267 1837 385 1898 matres
400 1835 555 1917 puerique
569 1837 703 1918 rogant,
718 1834 781 1898 hoc
795 1835 867 1918 ipsa
881 1836 1038 1916 senectus

181 1915 363 2001 Uirginitas
377 1918 440 1982 hoc
455 1921 543 1982 casta
558 1919 655 2012 petit,
670 1918 733 1983 hoc
748 1939 871 2002 pauper
885 1917 1007 1982 adorat.

117 2168 281 2246 Quaestio:
304 2174 349 2237 At
362 2173 502 2254 inquies:
523 2173 578 2237 sed
591 2190 712 2255 pauper
725 2173 873 2237 inimicus
887 2171 1081 2237 insidianter
1095 2199 1126 2246 [p.
1140 2199 1175 2248 1c1

311 2261 419 2343 potuit
433 2261 471 2325 de
484 2263 586 2326 morte
602 2259 715 2325 diuitis
729 2261 883 2342 cogitare.
1263 2265 1264 2272 ’

179 2411 214 2476 Si
228 2415 349 2496 potuit,
365 2415 505 2479 uoluisse
520 2418 608 2498 puta.
638 2435 713 2478 nam
729 2413 797 2478 uita
811 2413 953 2498 potentis

178 2496 210 2561 N
212 2519 256 2561 on
269 2497 352 2562 iacet
366 2498 491 2563 insidiis
506 2498 569 2562 nisi
585 2498 694 2562 diuitis
710 2502 805 2581 atque
820 2497 995 2581 propinqui

116 2591 165 2640 170
180 2581 249 2645 Aut
262 2587 346 2647 certe
362 2583 391 2646 si
405 2587 531 2667 sceptra
545 2583 659 2667 uigent
673 2583 732 2646 sub
747 2583 833 2666 regis
848 2581 939 2645 auari

177 2665 328 2749 Imperio.
357 2667 476 2731 fortem
490 2667 622 2732 timidus
636 2666 790 2731 formidat
804 2671 837 2730 et
850 2666 977 2749 horret,

178 2748 211 2814 N
213 2772 257 2814 on
270 2750 365 2816 fortis
379 2751 499 2815 lassum
517 2752 626 2816 timuit
640 2773 700 2816 nec
715 2752 804 2816 diues
818 2754 974 2836 egentem.

178 2833 303 2899 Debilis
319 2840 351 2900 et
365 2857 488 2919 pauper
501 2835 607 2900 nudus
621 2835 787 2901 mendicus
802 2857 923 2921 egenus

179 2916 281 2992 Quem
292 2921 410 2984 macies
423 2941 573 3002 suprema
582 2924 681 3002 tenet,
698 2942 792 3004 quem
807 2919 931 3004 frangit
945 2924 1079 3004 egestas,

117 3015 165 3064 175
181 3001 276 3066 Unde
290 3025 403 3069 necem
416 3005 525 3087 potuit
539 3027 661 3089 pauper
677 3008 814 3068 tractare
829 3003 996 3089 potentis?

178 3085 273 3151 Solus
284 3089 354 3153 abit
368 3111 492 3172 pauper
505 3111 565 3153 nec
581 3112 614 3153 ae
630 3089 847 3172 circumspicit
861 3111 1005 3172 uuquam

175 3170 246 3235 Nec
259 3172 354 3236 timet
367 3173 502 3238 insidias
517 3195 642 3257 semper
656 3174 737 3237 bene
753 3175 900 3239 conscius
914 3174 1036 3235 insons.

182 3363 230 3411 152
250 3364 414 3426 corruptelae
431 3370 493 3412 nota
508 3359 649 3426 praefica!
669 3369 728 3426 poci
745 3362 854 3411 uiscera
872 3361 963 3410 literae
980 3361 1081 3424 conspi-

641 3438 669 3466 en

111 3479 212 3527 ciuntur
229 3482 256 3526 u·
325 3480 374 3528 155
393 3478 498 3529 eacidis
569 3482 616 3530 159
634 3479 760 3544 impietas
831 3481 879 3528 172
905 3475 1009 3541 timuit]
1024 3478 1081 3540 sor-

112 3552 180 3596 laese
198 3545 306 3600 metuit.
325 3548 383 3597 uide
401 3565 424 3596 u.
445 3549 493 3598 178
