2576 3936
517 210 586 262 v111
604 211 736 262 rio-ur
1070 212 1112 276 35

209 361 341 446 Integer
356 364 388 424 ct
402 361 543 424 lacerum
557 359 658 424 rediet
671 382 731 443 pro
745 361 882 446 pignore
898 383 1013 446 corpus
1062 421 1066 430 .

210 446 345 510 Funeris
360 444 510 509 Hectorei
526 444 629 527 pretio
645 446 766 509 maiore
781 445 990 529 redemptum.

211 530 264 594 Me
279 533 427 612 stuprum
442 551 500 612 per
514 528 636 611 templa
649 533 773 611 manet,
789 551 840 594 me
854 531 1011 613 pessimus
1027 532 1111 595 Aiax

210 612 345 688 Inuadet
358 617 513 697 pereunte
529 612 639 676 domo:
661 613 727 677 iam
743 614 841 678 Troia
855 619 1029 699 crematur,
1193 681 1196 688 ,

144 712 195 761 145
211 698 273 764 sed
288 697 425 762 fiammis
440 719 496 762 rex
510 697 578 780 ipsc
594 718 697 780 cares,
713 698 841 782 iamque
856 697 990 763 Hecuba
1004 700 1109 783 latrat,
1201 717 1202 722 ’

211 786 378 867 Astyanax
391 781 513 846 Danais
528 803 620 846 muro
636 782 775 846 iactatur
789 783 829 847 ab
844 783 920 848 alto.

211 867 264 933 Sic
278 870 421 951 praestat
434 865 572 930 Bellona
585 888 718 949 nurum,
734 887 833 950 gener
847 868 915 950 ipse
930 868 1088 933 Tonantis

210 952 325 1016 Idaeus
340 952 386 1015 sic
401 954 512 1034 pastor
527 951 602 1032 erit,
618 951 785 1034 capictque
800 951 1001 1035 triumphum

211 1035 271 1102 Sed
286 1036 443 1120 postipse
459 1034 559 1098 cadet
589 1037 699 1098 ueniet
712 1057 788 1099 mox
802 1036 946 1119 Pyrrhus
967 1036 1007 1100 ad
1022 1059 1111 1101 arma

146 1135 198 1182 rso
210 1120 271 1196 Qui
286 1120 410 1185 scindat
424 1140 547 1198 muros,
568 1119 623 1202 qui
642 1119 772 1184 damnet
786 1120 944 1206 Pergama
957 1121 1110 1204 flammis,
1202 1177 1205 1184 .

211 1205 273 1281 Qui
287 1204 451 1269 Priamum
466 1202 573 1288 gladio
588 1202 717 1267 feruens
733 1204 902 1269 obtruncet
920 1207 961 1270 ad
976 1229 1056 1270 arcs.

211 1289 273 1355 Sed
288 1289 365 1373 quid
386 1310 470 1353 uana
490 1286 594 1352 cano?
617 1288 681 1350 iam
697 1309 849 1353 consocer
869 1311 937 1353 esse
952 1290 1109 1354 Tonantis

210 1373 292 1439 Uult
302 1373 430 1458 genitor
440 1371 641 1456 patriamque
655 1373 774 1455 premit
783 1375 940 1456 natosque
951 1373 1109 1438 nefandus
1119 1389 1150 1442 [1.
1159 1391 1194 1440 o]

211 1457 288 1522 Odit
301 1462 335 1522 et
348 1457 598 1521 Andromachen
611 1457 737 1540 quaerit
751 1456 883 1521 uiduare
897 1459 1023 1522 marito.

148 1555 196 1604 155
210 1541 317 1607 Troile
333 1541 409 1627 quid
424 1540 551 1606 cessas?
574 1539 652 1624 quid
666 1543 771 1624 parcis
786 1541 903 1607 fortior
917 1541 1061 1607 Hector?

209 1627 278 1693 Uos
293 1630 444 1710 repetunt
457 1629 593 1708 mortes,
608 1626 643 1688 in
658 1647 717 1690 uos
732 1627 817 1690 mala
831 1626 900 1690 fata
913 1626 1076 1710 feruntur,

210 1710 279 1795 Uos
294 1712 376 1796 petit
389 1709 560 1793 Aeacides,
576 1731 708 1774 saeuum
723 1732 781 1774 uos
796 1710 920 1774 fulmen
935 1711 1079 1775 Achilles

209 1800 381 1880 Amwtat,
396 1796 542 1860 insontes
557 1815 695 1878 poenam
709 1795 848 1879 raptoris
862 1795 997 1860 habetis.

209 1879 350 1945 Prouida
363 1903 430 1946 non
446 1879 571 1944 credor:
594 1902 653 1944 uos
668 1879 781 1944 saltem
796 1879 917 1965 surgite
933 1881 1034 1965 ciues,

148 1979 197 2027 160
211 1965 363 2048 Rumpite
378 1964 563 2048 complexus
578 1986 659 2048 quos
677 1964 756 2029 dant
768 1987 826 2049 per
840 1965 924 2030 colla
938 1969 1087 2048 parentes

209 2049 356 2114 Infausto
371 2049 497 2132 iuueni,
512 2049 612 2113 muris
628 2047 777 2132 depellite
792 2049 941 2114 fratrem:

209 2133 275 2198 Hic
288 2134 391 2198 hostis
407 2155 502 2218 quem
516 2133 584 2198 fata
599 2136 734 2215 canunt,
751 2133 806 2215 qui
818 2133 975 2198 mortibus
995 2135 1107 2197 urbem

210 2218 373 2304 (iungeret
386 2222 419 2282 et
432 2217 595 2282 Priamum
609 2217 707 2282 faciet
720 2238 788 2280 non
804 2238 871 2280 esse
887 2216 1057 2299 sepultum.

209 2303 344 2368 Pectore
360 2301 469 2367 Oisseo
484 2303 629 2385 rapiatur
642 2302 760 2386 pignus
776 2301 926 2365 acerbum

147 2400 196 2448 165
208 2387 367 2452 Mactetur
390 2408 430 2451 ue
444 2386 536 2450 nefas
551 2391 584 2451 ct
597 2386 756 2484 Pergama
769 2389 881 2450 nostra
894 2384 1039 2469 pientur,

210 2472 359 2536 Placetur
368 2407 454 2536 luno
461 2521 471 2554 ,
485 2471 631 2554 placetur
644 2493 695 2534 u1r
718 2492 737 2534 o
753 2469 915 2552 Minerua,

210 2555 364 2640 Sacrilegi
379 2556 417 2620 de
432 2558 535 2620 morte
549 2554 660 2619 Iouem
675 2491 799 2639 placate
814 2557 981 2619 tonantem

211 2639 309 2705 Cuius
325 2644 523 2724 postponens
539 2639 678 2704 Uulcani
692 2639 803 2704 laudat
818 2660 969 2704 amorem.

210 2723 351 2789 Urbibus
365 2725 400 2789 in
415 2724 526 2788 multis
539 2745 609 2788 mos
625 2727 673 2788 est
686 2723 805 2788 donare
820 2724 956 2788 salutem

147 2821 196 2870 110
209 2807 370 2874 Mortibus
385 2809 565 2890 insontum,
581 2809 637 2873 sed
650 2829 709 2872 uos
723 2812 861 2873 mactate
876 2810 1047 2872 nocentem

209 2891 256 2957 Ut
270 2894 366 2958 liceat
381 2914 508 2957 seruare
522 2893 602 2976 pios.
631 2913 748 2976 augere
764 2891 890 2957 dolores

209 2975 256 3041 Ut
269 2978 391 3042 releuet
405 2977 564 3042 medicina
579 2977 661 3042 solet
674 2976 888 3060 membrisque
904 2975 1040 3040 salutem

215 3167 259 3216 141
280 3167 382 3216 retinet
399 3183 468 3218 corr.
488 3166 583 3218 Buccis.
602 3182 632 3215 m.
651 3166 690 3215 rt.
744 3166 792 3215 145
812 3165 900 3216 ecuba
948 3165 1107 3215 14611111-

143 3249 199 3283 nax
269 3235 317 3284 147
336 3238 460 3298 perestat
478 3249 549 3284 corr.
569 3233 617 3282 IM
685 3235 734 3284 148
751 3234 822 3282 malie
840 3231 983 3296 rapietque
1058 3232 1107 3281 152

144 3302 191 3366 qni
209 3317 277 3353 corr.
298 3302 345 3351 IM
361 3299 365 3364 Ι
382 3307 456 3351 esset
473 3317 541 3351 corr.
559 3301 610 3349 IM
677 3303 725 3352 153
743 3299 822 3349 Uulti
887 3299 935 3348 154
954 3298 1019 3350 01111
1037 3315 1105 3350 corr.

143 3367 195 3419 IM
256 3370 305 3418 162
322 3371 451 3434 suppleuit
468 3369 564 3419 Baeclr.
583 3385 613 3418 m.
632 3369 671 3418 νΙι.
735 3367 783 3416 166
806 3365 931 3416 Placitur
948 3367 1017 3418 Iuno
1040 3383 1108 3418 corr.

142 3435 193 3486 IM
278 3439 328 3488 167
353 3435 462 3501 placete
485 3452 553 3488 corr.
577 3436 674 3486 Buect.
761 3434 810 3484 169
834 3434 937 3484 dooere
962 3442 1108 3499 corruptum

142 3505 245 3554 uidetur
315 3506 363 3553 172
382 3507 492 3555 resecet
510 3519 578 3554 corr.
596 3503 693 3554 Bacch.
711 3521 743 3553 m.
762 3500 802 3554 rb.

869 3585 905 3636 31
