2576 3936
166 239 209 306 46
574 240 724 290 uacuus

167 388 1036 561 &little&futtilitatislitte

231 560 385 626 Uestibus
400 559 528 624 incedat
542 559 595 623 uel
610 580 673 643 qua
686 558 840 642 lanugine
856 557 957 621 malas

231 644 370 710 Umbret
384 648 416 708 et
430 644 466 707 in
479 664 572 709 roseo
586 647 777 726 prorumpat
790 641 941 706 flosculus
957 663 1021 706 ore.

230 729 357 794 Laudat
370 750 481 793 amans
495 729 611 792 mirate
626 729 732 792 uirum
746 728 910 790 flammata
924 726 1069 790 Lacaena

167 825 216 875 495
227 813 362 962 ffinibus
376 812 501 896 11151115,
517 833 593 876 nam
609 811 728 876 dudum
743 810 923 895 flammiger
937 811 1002 874 ales

267 901 335 962 atre
350 897 480 961 iubente
495 918 575 980 puer
589 897 655 961 telo
671 895 826 964 candente
841 894 996 959 medullas

230 976 348 1047 Ledaei
361 985 473 1064 partus
487 981 600 1044 furtim
615 981 772 1046 iaculatus
787 1001 929 1044 amorem

78 1108 110 1157 ‘¹²
124 1108 159 1158 ⁵⁸³
218 1065 439 1233 ‹332th
452 1062 1023 1234 ltllztltttlltdtttm

167 1245 221 1296 500Ι
229 1233 261 1299 Ν
263 1256 315 1298 am
329 1233 465 1298 flammis
480 1233 610 1318 perfusa
624 1254 723 1318 genas
737 1233 934 1317 pallentibus
948 1199 1030 1316 iliat,

231 1318 335 1383 Fusus
349 1322 484 1402 uterque
500 1318 594 1383 decor
608 1318 816 1382 manifestum
831 1318 944 1402 uulgat
958 1339 1110 1383 amorem.

229 1402 397 1468 Pastorem
412 1402 598 1486 pudibunda
612 1403 694 1486 petit
709 1402 879 1467 cohibente
893 1423 1014 1485 pauore

230 1487 451 1571 Hortaturque
466 1489 571 1551 uirum
586 1487 729 1569 feruens,
745 1508 810 1571 qua
824 1487 923 1570 stirpe
936 1489 1075 1569 oreatus,

230 1571 357 1636 Indicet
368 1576 401 1635 et
414 1571 513 1636 fuerit
526 1593 591 1656 qua
604 1572 669 1636 iam
683 1574 820 1635 uexante
835 1571 977 1653 procella

166 1667 217 1716 505
229 1655 282 1719 Ad
297 1655 437 1740 Cyprum
453 1657 573 1740 551555.
603 1655 708 1720 medio
724 1677 870 1720 sermone
885 1654 1032 1719 Lacaena

229 1740 299 1804 Iam
310 1744 396 1805 tecet
405 1746 438 1805 et
449 1741 573 1824 quaerit
584 1742 734 1806 iuuenem
746 1740 861 1823 quibus
873 1742 1003 1823 appetat
1013 1738 1129 1804 ardens

230 1822 400 1888 Dictorum
414 1825 531 1888 uerbis.
562 1824 616 1889 sed
631 1829 742 1908 pastor
755 1824 895 1908 perfidus
909 1823 1027 1907 hospes

231 1907 277 1972 Ut
292 1909 393 1970 sensit
408 1907 540 1992 fragiles
554 1909 697 1972 mulieris
711 1913 840 1992 pectore
855 1930 980 1990 sensus,

227 1991 347 2074 Incipit
360 1991 477 2056 Iliacus
492 2013 560 2057 555
575 2014 639 2076 quo
656 1994 699 2056 sit
713 1994 870 2077 sanguine
886 1996 990 2056 cretus

164 2088 215 2137 510
225 2075 257 2140 N
259 2097 295 2140 ec
309 2075 425 2159 quibus
440 2097 590 2142 excussus
608 2077 714 2141 uentis
729 2077 769 2142 ad
785 2078 880 2142 litora
894 2075 993 2160 Cypri

229 2159 364 2225 Uenerit
379 2161 483 2226 effari:
503 2161 648 2246 trepidus
662 2162 725 2226 iam
742 2183 821 2226 uoce
836 2162 968 2226 remissa

228 2244 387 2330 Reginam
402 2245 552 2311 laudabat
566 2267 678 2310 amans
686 2295 694 2326 ,
711 2247 840 2330 culpare
855 2245 1005 2310 maritum

210 2331 215 2360 ³
229 2329 387 2414 Coeperat
402 2331 567 2395 absentem
582 2331 669 2414 quod
683 2332 747 2396 iam
761 2331 977 2414 pulcherrime
993 2331 1111 2395 coniux

227 2416 258 2478 A
272 2414 381 2498 tepido
398 2414 523 2479 deserta
537 2416 608 2479 uiro
624 2415 772 2500 neglecta
786 2417 915 2479 uacaret
937 2415 940 2420 ’
959 2455 961 2461 ·

163 2509 213 2558 515
226 2497 324 2563 Sacra
338 2498 502 2564 Dionaeae
517 2501 628 2563 matris
644 2500 695 2564 uel
710 2503 776 2563 tem
799 2500 831 2563 15
845 2500 994 2583 petisset,

227 2581 417 2667 Adiungens
432 2583 477 2647 ‘si
491 2584 566 2648 talis
581 2583 642 2648 erit
657 2604 754 2667 quam
769 2522 855 2648 ldrte
869 2583 1016 2648 merebor

228 2665 384 2747 Uxorem,
400 2668 445 2731 515
460 2667 578 2732 blanda
591 2669 684 2752 genis
699 2669 744 2732 515
760 2690 815 2732 555
829 2668 973 2732 modesto

227 2747 279 2813 Sic
295 2749 395 2813 555115
411 2756 525 2815 ornata
539 2752 605 2815 suis
620 2752 665 2816 sic
703 2751 815 2816 ulehra
830 2753 942 2816 decore

227 2832 370 2898 Candida
384 2835 431 2901 510
445 2856 537 2900 55555
552 2773 749 2919 perfundens
764 2837 907 2901 membra
921 2837 1037 2902 rubore

162 2929 212 2977 550
224 2916 276 2982 Sic
291 2917 385 2982 flauis
400 2924 515 2984 ornata
530 2921 629 2985 comis
645 2922 690 2985 sic
705 2920 835 3006 longior
849 2925 937 2984 crtus

76 3037 106 3086 [5,
120 3037 154 3087 59]
228 3000 272 3066 Et
285 3023 419 3085 procera
432 3025 547 3088 regens
562 3006 597 3069 15
611 3006 734 3089 poplite
749 3005 892 3070 membra
906 3008 1056 3087 uenuste,

225 3086 297 3151 Tali
311 3107 437 3170 semper
452 3108 512 3173 ego
529 3087 682 3174 dignatus
697 3091 834 3174 coniuge
848 3089 927 3153 felix

223 3169 256 3236 N
258 3193 301 3236 55
317 3171 432 3257 desim,
450 3171 587 3237 famuler
601 3173 737 3257 supplex
752 3178 784 3238 et
798 3177 902 3238 155555
918 3172 1065 3254 adorem,

227 3323 350 3376 4901515
369 3341 449 3377 erran
469 3327 555 3378 oeulis
573 3344 641 3381 corr.
658 3328 676 3376 Ι
681 3329 714 3378 Μ
763 3330 813 3379 49⁷
830 3328 936 3377 Laedei
986 3327 1037 3376 498
1055 3327 1124 3376 Ues·

160 3396 236 3440 serat
256 3406 326 3441 corr.
345 3393 400 3443 IM
417 3395 422 3454 Ι
443 3390 568 3444 Dionem.
603 3394 709 3445 Diones
734 3396 749 3444 I
756 3396 786 3445 M
854 3397 902 3446 501
926 3393 1003 3444 55155
1022 3408 1120 3458 propo-

159 3457 322 3507 5511115555.
386 3461 434 3509 511
454 3466 483 3512 et
502 3463 555 3512 feri
615 3462 665 3512 515
683 3462 729 3511 551
747 3466 852 3528 tempta
868 3465 1005 3526 proposuit
1024 3460 1120 3510 Bccelt.

160 3525 209 3574 515
229 3525 283 3575 erit
300 3541 368 3576 corr.
386 3541 421 3576 55
439 3533 500 3578 erat
568 3530 617 3579 522
637 3528 723 3578 foelix
