2576 3936
495 221 533 270 vr
551 222 661 272 ao-so
910 289 914 296 .
1019 222 1060 286 23

159 368 226 434 Uix
241 391 278 434 ea
293 367 379 431 fatus
395 389 490 450 eram,
507 367 613 432 subito
629 369 720 432 uenit
734 369 836 454 aliger
849 371 944 454 ignis,

161 458 223 518 Ore
239 453 361 517 micans
376 473 412 516 ac
427 452 534 516 fronte
550 453 660 517 minax
676 457 709 516 et
723 454 810 517 crine
826 476 995 520 coruscans

158 537 311 621 Impubes
326 537 465 600 lasciuus
480 540 549 600 erat
564 536 615 600 cui
631 540 734 602 castra
748 538 908 622 uoluptas

106 635 145 683 eo
160 622 234 687 Ibat
249 623 284 685 in
300 621 490 704 obsequium
505 620 597 704 risus,
614 622 834 704 complexibus
849 621 986 687 haerens
1074 624 1097 678 [Ρ
1115 625 1148 678 ²4¹

159 706 250 771 Iusta
264 705 364 770 libido
381 705 446 770 coit
460 705 551 770 uenit
566 709 599 770 et
613 705 778 770 moderata
792 706 869 770 uoln
893 710 953 792 tas,

163 789 306 855 Candida
320 789 480 874 legitimas
495 791 672 854 accendens
688 791 793 874 gratia
807 729 916 854 taedpas

164 873 318 958 Occurrit,
334 874 426 939 uenit
440 874 524 937 alma
538 874 617 938 fides
632 874 811 957 petulantia
826 875 972 959 simplex,

165 955 260 1022 Casta
273 957 428 1041 pudicitia
441 957 587 1042 procedit
601 962 708 1022 mente
724 959 842 1043 quieta,

106 1053 145 1103 65
166 1041 327 1108 Sobrietas
342 1064 400 1126 per
415 1046 530 1108 cuncta
544 1042 625 1128 uigil
641 1042 759 1107 deuota
774 1043 916 1107 cucurrit

162 1125 206 1190 Et
221 1127 376 1211 quidquid
391 1127 492 1190 iustos
507 1127 601 1192 solite
617 1128 789 1192 comitatur
804 1149 938 1192 amores.

162 1210 260 1274 Liber
273 1211 453 1294 pampineis
469 1214 601 1275 ornatus
616 1210 724 1276 fronte
739 1212 900 1294 corymbis

162 1294 269 1360 Intrat
283 1299 316 1359 et
329 1294 472 1359 uuiferos
487 1295 596 1358 uibrat
610 1316 706 1379 super
721 1318 740 1358 a
763 1297 852 1359 mina
866 1296 1006 1378 thyrsos,

163 1377 234 1442 Pan
250 1379 380 1446 calamis
395 1379 530 1462 perflare
546 1379 647 1444 melos
663 1317 872 1462 Bacclraeque
888 1380 988 1444 rotari

110 1475 146 1524 70
163 1461 273 1527 Sileno
289 1463 426 1528 saltante
464 1463 570 1527 lacent
584 1463 785 1547 populosque
800 1485 930 1528 mouere

160 1545 201 1611 In
215 1547 419 1612 fescenninos
434 1486 582 1612 diremitus
598 1551 630 1611 ct
644 1548 762 1632 gaudia
777 1547 905 1612 mentis.

55 1657 58 1663 ¹
161 1632 278 1695 Adfuit
292 1632 416 1695 interea
431 1631 545 1715 Cypris
560 1634 714 1696 subuecta
730 1632 896 1714 columbis,

161 1716 309 1862 Apparet
323 1716 361 1780 de
377 1720 468 1798 parte
482 1717 551 1799 poli
566 1738 630 1800 qua
645 1717 810 1780 flammeus
826 1715 895 1780 axis

163 1797 215 1864 Uo
230 1801 318 1864 uitur
332 1801 480 1864 australis
497 1801 700 1867 conlustrans
715 1801 853 1864 cardinis
869 1821 957 1864 oras:

110 1895 146 1944 75
164 1883 281 1948 Florea
295 1906 472 1968 purpureas
487 1885 673 1950 retinebant
686 1884 779 1948 frena
794 1884 958 1949 columbas

162 1967 207 2032 Et
221 1991 294 2033 rosa
308 1969 499 2033 blandifluas
515 1970 651 2034 rutilans
666 1970 816 2042 nectebat
831 1970 960 2052 abenas,

162 2052 248 2118 Lilia
262 2057 339 2119 sunt
352 2055 474 2118 inserta
488 2055 580 2137 rosis,
596 2055 672 2138 iuga
686 2053 822 2137 pulchra
837 2054 1006 2117 uolucrum

164 2136 306 2204 Uerbere
321 2159 483 2221 purpureo
499 2137 613 2222 prris
629 2139 719 2201 iubet
733 2138 789 2219 ire,
805 2137 922 2220 iugalis
962 2217 967 2225 ι

164 2221 314 2306 Remigrat
328 2223 477 2286 ammotis
492 2223 666 2306 pinnarum
679 2220 846 2304 plausibus
860 2219 935 2284 ales.

110 2318 147 2366 80
165 2305 296 2371 Moenia
310 2307 450 2390 respexit
465 2305 670 2391 Carthaginis
685 2305 770 2369 alma
785 2303 937 2388 Cythera:

165 2389 260 2455 ‘Illo'
278 2391 359 2456 dixit
374 2397 467 2455 ‘aues
483 2391 661 2455 conuertite
677 2389 794 2453 mando
809 2388 947 2470 uolatus

164 2473 307 2540 Uictoris
323 2475 449 2541 soboles
464 2475 552 2539 felici
568 2478 653 2542 sorte
668 2475 832 2558 iugantur,

162 2558 235 2622 Illic
249 2582 331 2643 pura
344 2560 422 2626 fides
437 2559 504 2624 illic
518 2559 689 2642 prudentia
704 2556 849 2641 simplex,

164 2642 321 2728 Coniugis
337 2645 372 2708 in
387 2644 509 2728 gremio
525 2643 638 2727 pietas,
653 2643 722 2707 sine
737 2640 850 2706 fraude
865 2641 1026 2725 uoluntas,

113 2738 147 2786 85
166 2725 245 2791 Non
259 2729 306 2792 ibi
320 2728 405 2792 liuor
420 2727 509 2811 edax,
525 2749 591 2792 non
608 2731 657 2792 est
672 2727 755 2791 elata
770 2729 912 2810 potestas

163 2811 296 2876 Priuato
312 2813 371 2876 sub
386 2833 475 2876 more
490 2833 605 2897 gerens
621 2834 678 2876 sua
693 2812 764 2875 iura
777 2810 920 2875 modeste

164 2894 252 2970 Quae
268 2897 412 2961 mercede
428 2918 485 2960 sua
499 2897 619 2960 multos
635 2895 804 2960 coniunxit
819 2897 959 2979 egentes,

162 2979 252 3044 Haec
266 2982 380 3064 inopes
395 2981 505 3044 dotare
521 2980 603 3045 solet
617 2980 670 3044 uel
685 3001 814 3063 pascere
830 2999 949 3063 egenos

163 3063 305 3150 Legibus
321 3069 354 3129 et
367 3066 486 3130 nostris
501 3065 603 3129 nudas
618 3065 737 3129 ucstire
752 3064 903 3148 puellas.'

167 3238 201 3286 60
220 3236 392 3300 amplexibus
410 3253 477 3288 corr.
492 3235 589 3287 Bueelt.
659 3239 692 3287 62
712 3236 848 3286 accedens
917 3235 950 3283 67
970 3234 1068 3284 corim-

101 3303 142 3354 bis
204 3304 237 3352 68
255 3310 348 3368 tyrsos
410 3307 443 3356 69
461 3305 553 3370 potari
571 3320 639 3354 corr.
657 3303 754 3356 Bueclz.
818 3305 850 3352 70
869 3299 991 3364 placent]
1010 3317 1068 3353 cor-

104 3376 207 3430 ruptum.
244 3374 357 3422 conicias
384 3377 484 3436 parcnt
580 3375 613 3424 78
639 3371 748 3435 iugales
770 3369 958 3432 corr.,Buect.
1034 3371 1068 3420 80

103 3435 220 3505 Cythera
267 3441 298 3490 81
318 3441 473 3490 conuertite
492 3441 625 3504 repetitum
637 3441 685 3490 sed
698 3443 850 3502 expunctum
863 3441 901 3486 est
961 3437 994 3487 8‘1
1013 3436 1068 3498 Qui

104 3520 168 3556 corr.
190 3507 286 3558 Bueclr.
