2576 3936
213 209 256 274 43
620 209 772 258 nanum

278 359 419 442 Imperio
435 358 590 441 compelle
605 359 677 440 tuo,
695 379 902 441 properemus
918 357 958 421 ad
973 380 1095 442 aequor

214 455 264 505 555
275 444 320 507 Et
334 447 428 508 uacet
442 442 561 507 auersis
576 463 770 508 concurrens
785 443 880 506 turba
893 443 1072 506 ministris!

277 527 321 592 Et
336 529 381 592 sie
395 527 463 591 fata
477 527 590 590 uolens
604 527 729 609 rapitur
743 548 801 610 per
816 527 899 591 colla
914 527 1061 610 tyranni,

277 612 347 676 Iam
362 611 482 676 Priami
497 632 570 675 cum
584 611 673 674 clade
688 633 804 674 nurus:
826 611 871 674 sic
887 615 978 696 terga
992 612 1123 676 iuuenci

278 696 443 780 Europam
457 717 591 792 rapuere
607 695 657 758 dei
673 717 745 759 eum
759 695 906 779 Iuppiter
919 697 988 778 ipse

278 781 402 846 Taurus
418 780 606 863 Olympiaca
619 779 772 862 produxit
786 800 906 844 cornua
920 779 1043 864 fronte,

216 877 267 926 500
278 864 466 929 Fulmineus
481 867 592 928 uector
606 865 749 929 sobolem
763 864 995 928 famulantibus
1009 864 1105 928 undis

280 949 406 1014 Gaudet
421 949 617 1031 Agenoriam
633 948 782 1012 caelestia
797 949 880 1012 colla
894 955 1083 1033 grauantem

280 1033 362 1097 Cum
377 1031 490 1097 Cadmi
504 1036 662 1116 cognatus
677 1054 776 1116 aquas
790 1033 874 1096 freta
888 1054 1007 1117 magna
1022 1038 1154 1100 secaret.

278 1117 324 1181 Er
348 1139 367 1181 o
383 1116 439 1180 ubi
453 1117 603 1198 peruenit
616 1120 727 1200 raptor
741 1117 888 1181 turbatus
903 1116 943 1181 ad
958 1139 1079 1200 aequor

278 1137 413 1267 11111551
428 1200 600 1266 exhaustus
616 1223 710 1265 cursu
725 1201 777 1264 uel
794 1201 935 1284 pondere
950 1201 1066 1284 155555,

216 1297 266 1347 555
278 1284 341 1361 Qui
356 1289 484 1370 gratum
498 1287 650 1369 portabat
664 1306 760 1368 01155,
780 1290 890 1350 tamen
915 1287 985 1368 ipse
1000 1285 1181 1354 Lacaenam

127 1401 202 1452 [551]
279 1370 390 1437 Litore
406 1391 474 1434 non
488 1371 597 1454 posuit
611 1370 715 1434 media
729 1370 785 1434 sed
799 1392 907 1454 puppe
922 1371 1056 1452 locauit,

279 1455 311 1520 Ν
313 1459 405 1519 antae
421 1455 493 1518 uela
507 1455 617 1518 leuant
631 1456 665 1518 et
678 1455 773 1519 remis
789 1459 893 1519 castra
906 1459 1087 1519 monentur.

280 1539 469 1603 Adueniant
484 1538 617 1603 collecta
631 1561 746 1602 manus
763 1540 826 1602 iam
843 1539 942 1603 classe
956 1543 1080 1604 remota

279 1623 324 1689 Et
338 1624 489 1707 quatiunt
503 1644 614 1688 omnes
629 1622 744 1707 palmis
760 1624 794 1686 in
809 1623 903 1688 litore
917 1623 1056 1707 11011155,

216 1720 267 1769 570
276 1707 372 1772 Nunc
388 1707 495 1790 galeas
510 1729 599 1772 nunc
610 1708 676 1772 tela
690 1708 786 1771 simul
801 1708 992 1791 clypeosque
1007 1712 1159 1774 tonantes

278 1790 458 1854 Proiciunt.
486 1792 577 1856 uenit
590 1793 660 1876 ipse
674 1793 789 1856 uolans
804 1814 862 1875 per
876 1815 951 1856 1515
965 1793 1099 1857 maritus

281 1873 417 1940 Sudanti
432 1879 601 1957 peruectus
616 1896 699 1958 equo
705 1926 714 1958 ,
731 1897 825 1960 quem
841 1878 974 1942 nuntius
990 1878 1125 1943 horrens

279 1958 434 2042 Fregerat
449 1959 490 2022 ad
505 1957 646 2042 prmm
661 1961 846 2025 uenientem
861 1981 951 2026 sacra
965 1961 1079 2026 dicare.

279 2042 326 2108 Ut
340 2043 507 2126 conspexit
521 2056 631 2108 amens
646 2044 763 2108 sulcari
777 2047 939 2129 puppibus
953 2045 1055 2110 undas

216 2127 496 2193 57511551151511155
512 2132 636 2212 gestare
651 2151 740 2212 suos,
757 2129 886 2194 collisus
902 2131 1006 2194 arenis

278 2213 421 2298 Ingemit
434 2217 467 2277 et
480 2213 583 2277 flauos
598 2217 767 2297 extorquet
781 2215 901 2278 uertice
916 2215 1030 2278 crines.

278 2297 447 2380 Hyrcanae
463 2298 508 2361 sic
522 2319 616 2382 saepe
632 2298 739 2363 solent
753 2320 810 2381 per
825 2298 918 2362 deuia
932 2300 1032 2384 tigres

278 2381 407 2446 Affectu
421 2383 607 2446 stimulante
623 2383 708 2466 rapi,
725 2403 798 2446 cum
812 2384 951 2467 pignora
965 2388 1068 2450 mater

278 2465 389 2530 Perdit
404 2469 436 2529 et
450 2466 539 2530 elusa
551 2466 663 2531 feritas
678 2468 796 2550 pietate
811 2469 943 2533 nocenti

198 2559 202 2566 '
215 2561 266 2610 550
276 2549 431 2632 Raptoris
447 2555 586 2614 sectatur
601 2551 679 2634 iter,
702 2552 840 2636 uestigia
855 2552 966 2617 sollers

277 2633 463 2714 Insequitur
477 2633 648 2716 praedonis
664 2636 739 2718 equi
754 2637 886 2700 sessoris
901 2637 1023 2720 anheli,

278 2717 341 2780 Ast
355 2717 411 2779 ubi
426 2721 521 2780 torua
534 2739 650 2800 parens
665 2722 828 2784 transacto
844 2721 977 2784 flumine
992 2725 1086 2785 natos

280 2799 409 2865 Secerni
425 2802 592 2884 conspexit
607 2804 713 2886 aquis,
728 2805 812 2868 redit
824 2806 902 2868 orba
916 2806 1027 2871 dolore

284 3023 334 3072 554
352 3038 529 3088 properamus
547 3041 617 3075 5511.
636 3027 653 3076 I
659 3028 691 3076 M
743 3027 793 3078 655
811 3029 847 3076 Et
864 3032 965 3076 uocate
984 3025 1067 3077 iussis
1084 3025 1182 3076 Bueclr.

216 3106 246 3139 m.
265 3091 304 3140 11.
323 3093 458 3155 proposuit
476 3096 503 3140 et
521 3099 605 3142 uacat
628 3095 732 3146 auersis
802 3095 851 3144 556
870 3095 977 3156 tyrreni
1051 3095 1099 3145 561
1119 3109 1182 3159 gra·

216 3162 327 3208 nentem
347 3172 464 3224 grauate
479 3158 498 3206 I
501 3159 532 3208 M
591 3161 640 3212 563
656 3163 792 3225 pernomit
803 3178 873 3212 corr.
887 3162 902 3210 1
908 3162 941 3212 M
953 3160 957 3226 Ι
973 3162 1099 3212 turbatur
1111 3177 1181 3212 5511.

215 3225 233 3273 I
239 3225 268 3273 M
330 3228 379 3277 570
397 3228 520 3276 tonantis
538 3231 668 3278 sonantes
686 3228 704 3277 Ι
709 3229 740 3278 Μ
807 3231 855 3279 571
876 3228 1003 3279 Puoicidt
1027 3235 1094 3280 tunc
1111 3244 1182 3278 corr.

215 3290 271 3338 IM
343 3297 392 3344 572
415 3300 563 3357 prouectus
587 3295 681 3346 Buecd.
704 3313 735 3346 m.
758 3297 797 3345 rh.
872 3298 922 3346 574
945 3299 1059 3347 amans?
1131 3296 1181 3346 575

216 3355 328 3408 harenis
403 3363 452 3411 577
473 3363 589 3428 ananq
608 3377 677 3413 5511.
696 3363 768 3421 IMl
783 3370 879 3427 tygres
952 3365 1001 3414 578
1020 3361 1181 3413 stimulante

215 3438 285 3476 corr.
304 3441 339 3474 55
358 3427 511 3478 stimulanti
568 3432 616 3479 581
637 3433 739 3481 sessori
756 3447 825 3480 5511.
845 3431 863 3479 I
867 3431 899 3478 M
955 3433 1004 3480 582
1023 3435 1182 3482 transactos

215 3489 316 3539 lumine
398 3496 447 3543 583
471 3497 531 3560 quis
554 3498 632 3559 equis
650 3498 667 3546 Ι
673 3498 702 3546 Μ
720 3501 805 3560 inepte
