2576 3936
246 219 312 264 VIII
622 208 836 260 PRAEFATIO.

309 322 392 386 Huic
414 322 549 387 editioni
571 323 721 388 subiunxi
744 324 919 391 ‘Draconti
946 326 1209 395 Satisfaotio-

245 428 331 470 nem
363 406 404 470 ad
437 406 701 472 Guthamundum
732 430 841 495 regem
873 411 1093 476 Vandalorum
1128 414 1208 478 dum

245 496 329 555 esset
354 491 390 554 in
411 493 548 556 vinculis
558 499 578 575 ⁹,
608 493 727 576 quippe
755 495 845 558 ouius
873 518 997 560 summa
1023 497 1058 560 in
1086 498 1208 562 eisdem

245 575 382 659 querelis
404 581 565 659 versetur,
593 598 674 660 quae
696 578 731 641 in
754 579 960 661 epithalamio
988 581 1088 646 altero
1112 581 1209 664 (VII)

243 660 462 743 proferuntur.
505 660 601 724 Edidi
628 661 764 746 elegiam
792 663 903 727 eodem
932 687 1007 730 usus
1036 686 1099 749 quo
1125 668 1210 730 Are-

244 744 335 808 valus
363 745 471 809 codice
499 745 672 828 Vaticano,
728 747 761 810 ui
792 750 840 811 est
867 749 1045 832 Azagrensi
1073 754 1105 813 et
1142 748 1212 814 Sir-

244 828 425 925 mondianis
440 829 481 893 ab
495 829 644 975 11υῇ1110
660 767 816 895 Toietano
838 831 1041 914 interpolatis
1063 834 1212 916 uberior,

244 934 334 977 curus
355 934 474 977 novam
502 933 539 976 co
566 918 707 977 atronem
735 936 842 978 meum
863 915 899 978 in
920 937 1014 979 usum
1035 918 1210 981 accuratis-

244 996 322 1060 sime
350 995 491 1061 confecit
518 995 676 1080 Georgius
703 997 818 1062 Kaibel
845 999 974 1062 amicus.
1020 997 1128 1064 Codex
1159 1008 1210 1066 est

243 1080 457 1144 bibliothecae
472 1101 538 1165 reg.
551 1078 643 1145 Suec.
658 1080 721 1145 508
733 1081 844 1164 (1267)
861 1083 1123 1146 membranaceus
1139 1107 1209 1150 sae-

244 1165 307 1229 culi
321 1163 483 1242 undecimi
496 1213 504 1227 .
515 1164 682 1247 descripsit
695 1187 769 1230 eum
783 1166 941 1230 Arevalus
955 1166 991 1229 in
1004 1167 1210 1249 praefatione

243 1271 301 1313 sua
327 1269 401 1333 pag.
424 1249 465 1312 58
487 1271 520 1320 80
538 1270 569 1319 81
603 1253 699 1332 atque
721 1250 895 1335 imaginem
924 1249 1042 1315 adiecit
1069 1252 1209 1316 subscri-

242 1334 373 1418 ptionis,
388 1333 481 1398 'unde
503 1334 566 1399 hoc
581 1335 710 1418 quidem
734 1335 823 1399 omni
838 1334 937 1399 dubio
954 1335 1113 1419 eximitur,
1137 1357 1211 1401 esse

242 1418 283 1482 ad
305 1418 569 1483 Guthamundum
591 1419 727 1502 elegiam
749 1420 911 1502 scriptam,
934 1419 989 1503 qui
1007 1418 1211 1504 Carthagine·

125 1529 129 1542 ·
241 1503 391 1587 regnavit
417 1503 718 1567 1111111484-496.
762 1501 825 1567 Sed
851 1503 889 1566 dc
918 1503 969 1567 his
997 1504 1092 1567 rebus
1119 1505 1209 1568 aliis-

243 1608 304 1670 que
337 1585 377 1649 ad
408 1585 564 1651 Draconti
594 1585 694 1650 vitam
724 1586 840 1652 certius
870 1587 1124 1651 constituendam
1150 1610 1225 1666 ne,

242 1671 385 1736 cessariis
418 1693 498 1755 quae
525 1678 622 1755 poeta
649 1672 717 1755 ipse
739 1671 862 1736 indicat
890 1671 1024 1736 collecta
1057 1672 1207 1736 invenies
1266 1659 1267 1694 ¹

241 1757 276 1820 in
303 1755 408 1819 indice
429 1756 608 1819 nominum.
1266 1775 1267 1784 ¹

305 1839 354 1903 De
376 1860 410 1902 re
438 1839 647 1922 grammatica
669 1843 702 1903 et
723 1839 855 1903 metrica
877 1839 1061 1921 quaescitu
1084 1839 1209 1923 dignis-

242 1923 323 1988 sima
362 1921 568 2004 videbantur,
605 1922 724 2070 collegil
756 1923 792 1986 in
828 1923 1001 2005 specimine
1036 1925 1204 2005 sermonis,
1265 1965 1266 1976 ,

242 2029 315 2072 eum
336 2028 413 2071 vero
443 2007 498 2090 qui
526 2006 676 2070 maluerit
725 2027 782 2070 aec
811 2007 919 2070 omnia
946 2009 1005 2070 sub
1034 2028 1099 2071 uno
1129 2028 1206 2071 oon-

241 2095 352 2175 speetu
375 2091 534 2174 componi,
564 2090 672 2175 relego
689 2089 728 2154 ad
747 2090 980 2174 praefationem
995 2113 1091 2174 quam
1107 2089 1205 2156 Oaro-

241 2176 291 2240 lus
312 2174 453 2242 Schenkl
475 2175 584 2240 libello
607 2175 637 2240 ei
662 2175 827 2258 praemisit
848 2195 912 2258 quo
933 2175 1055 2240 Orestis
1076 2179 1204 2259 tragoe-

241 2260 325 2325 diam
348 2260 456 2326 edidit.
501 2259 605 2325 Tanta
627 2261 712 2324 enim
734 2260 788 2324 isti
813 2259 948 2324 carmini
971 2259 1201 2342 dispositionis,

240 2347 420 2427 verborum,
443 2344 608 2426 dictionis,
630 2345 831 2429 integrorum
854 2365 1002 2408 versuum
1024 2342 1201 2408 similitudo

241 2451 314 2494 cum
335 2429 455 2494 nostris
484 2429 676 2492 carminibus
698 2427 881 2510 intercedit,
904 2432 941 2491 ut
963 2426 1098 2491 eundem
1119 2426 1202 2490 Dra·
1263 2438 1264 2478 l

240 2514 384 2578 contium
411 2512 557 2577 Orestem
579 2511 741 2595 scripsisse
768 2511 849 2575 mihi
871 2511 1201 2595 quidemspersuasis-

239 2599 354 2662 simum
393 2598 443 2661 sit.
487 2595 655 2660 Nonnulla
699 2596 767 2679 ipse
800 2599 867 2660 tam
904 2596 940 2658 in
976 2595 1063 2660 notis
1102 2617 1203 2679 quam
1262 2647 1263 2650 ,

239 2683 274 2746 in
302 2681 459 2746 sermonis
486 2677 659 2764 specimine
686 2681 852 2763 composui
879 2680 1009 2761 similia,
1036 2680 1130 2763 plura
1151 2679 1200 2742 in-

238 2766 346 2830 veniet
368 2766 487 2849 quieun
510 2786 550 2829 ue
578 2767 712 2848 utraque
741 2765 883 2828 carmina
910 2765 1087 2829 accuratius
1114 2785 1199 2827 com·
1261 2793 1262 2837 1

237 2851 407 2934 paraverit.
452 2786 514 2914 Sel
543 2850 620 2913 haee
653 2848 817 2912 hactenus.
857 2870 968 2912 omnes
993 2852 1102 2912 autem
1130 2848 1199 2931 qui-

238 2936 298 2999 bus
313 2934 366 2999 hic
379 2933 506 2999 libellus
522 2934 557 2999 in
572 2955 685 2998 manus
702 2933 827 2997 venerit
842 2954 910 2996 non
927 2933 1086 2998 minorem
1101 2953 1200 3015 quam
1260 2955 1261 3017 j

239 3023 358 3084 memet
378 3019 484 3102 ipsum
505 3018 643 3104 gratiam
664 3017 831 3081 habituros
854 3038 921 3080 esse
941 3015 1132 3081 Buecheleri
1153 3016 1202 3078 di-

239 3104 403 3168 lectissimi
424 3103 640 3186 praeceptoris
663 3102 794 3187 ingenio
818 3101 971 3165 acerrimo
995 3100 1055 3165 hoc
1077 3100 1154 3165 scio.
1259 3171 1260 3194 ,

323 3220 448 3285 Dabam
471 3219 605 3285 Bonnae
628 3220 678 3284 die
700 3241 787 3284 nono
810 3219 928 3283 mensis
949 3217 1144 3283 Decembris
