2576 3936
544 245 612 296 v111
629 248 764 298 asu-‘rae
1095 247 1137 312 39

235 394 334 458 Iussit
349 395 390 457 ab
404 393 504 458 Iliaco
520 393 660 459 delectos
674 415 807 480 pergere
822 417 924 480 regno
1146 417 1177 466 [p.
1191 417 1226 467 rs]

237 478 288 544 Ad
303 483 360 542 tua
375 499 489 562 regna,
505 481 621 562 potens
636 501 823 564 germanam
837 481 922 565 regis
936 485 974 545 ut
987 482 1083 547 heros
1113 497 1115 502 '

238 561 404 628 Bellorum
420 585 514 644 quam
530 565 599 627 iure
614 567 704 628 tenes
719 565 753 628 in
768 585 846 648 pace
861 564 1030 630 refundas:

175 661 226 710 270
235 647 382 712 Posceris
397 646 572 712 Hesionen.
605 648 688 712 iacet
701 649 736 713 in
762 670 818 712 ens
833 649 930 713 Troia
944 649 1065 715 fauillis

236 731 363 796 Excidii
378 753 561 814 compressa
575 733 640 814 sui,
655 729 716 796 nec
730 670 888 817 Pergama
902 734 1016 799 ductor

238 815 417 880 Surrexisse
432 820 526 898 putat
540 817 603 880 nisi
618 817 698 901 iam,
720 839 776 890 rex
791 839 923 902 magne,
939 840 1082 884 sororem

237 899 424 964 Reddideris
439 901 508 985 regi
524 922 605 983 qnae
620 923 707 965 nunc
722 903 851 985 captiua
865 906 1002 968 tenetur.

237 984 344 1068 Turpe
360 984 448 1049 ducis
463 985 584 1048 seruire
599 1006 701 1070 genus
716 987 900 1070 crimenque
915 991 1048 1070 putatur

174 1082 224 1130 275
238 1067 272 1133 Si
286 1090 355 1132 non
369 1068 455 1133 bella
469 1069 592 1133 dabunt
605 1071 675 1154 regi
690 1070 777 1154 quod
791 1072 876 1136 bella
890 1073 1036 1138 tulerunt

237 1153 272 1217 Si
287 1175 350 1238 pax
363 1153 426 1218 hoc
441 1157 553 1236 optata
567 1158 673 1238 negat.
705 1177 764 1238 pro
778 1176 854 1240 rege
868 1157 1008 1240 rogaris:
1025 1209 1035 1227 s

236 1237 282 1302 Te
297 1259 331 1302 re
355 1239 450 1302 etisse
464 1242 544 1320 puta
558 1237 687 1302 Priamo
705 1239 864 1303 retinente
879 1262 1036 1326 sororem,

236 1322 314 1388 Non
329 1260 421 1386 dolor
435 1325 574 1386 armaret
589 1323 616 1385 si
630 1344 699 1387 non
714 1323 803 1386 daret
817 1323 872 1386 ille
887 1329 1019 1407 rogatus

238 1405 331 1482 Quod
341 1409 475 1489 peteres,
488 1406 665 1470 Telamon?
681 1407 784 1470 scelus
795 1410 844 1470 est
854 1411 887 1470 et
897 1406 985 1473 fama
994 1409 1135 1492 pudoris,

173 1503 224 1552 280
234 1490 386 1556 Nascitur
400 1490 524 1555 inuidia
539 1489 668 1555 Priamo
684 1495 841 1576 regnante
856 1513 999 1556 sororem

238 1575 430 1658 Graiugenis
445 1575 565 1639 seruire
581 1597 686 1658 suam,
702 1575 787 1639 liuor
801 1576 904 1640 malus
919 1575 994 1640 inde

237 1658 401 1725 Creditur:
426 1659 556 1724 ‘Iliacas
571 1661 679 1743 potuit
693 1681 841 1742 reparare
855 1660 983 1724 ruinas’

237 1743 383 1807 Murmur
389 1743 647 1827 eritPhrygibuS,
661 1747 852 1807 ‘consortem
862 1744 1029 1828 sanguinis
1038 1768 1137 1810 unam

236 1827 313 1893 Non
328 1829 448 1892 ualuit'
466 1827 573 1891 dicent
588 1831 711 1892 ‘rector
726 1827 764 1891 de
780 1849 855 1912 rege
871 1829 1014 1893 mereri'.

173 1925 223 1974 285
237 1912 381 1977 Dixerat.
412 1917 446 1976 at
459 1912 615 1976 Telamon
630 1917 754 1977 mentes
769 1913 914 1978 armabat
927 1915 962 1977 in
977 1915 1055 1998 iras,

236 1996 322 2062 Nam
337 1998 439 2080 pietas
454 1997 586 2060 affectus
601 2019 692 2062 amor
707 1999 878 2062 concordia
891 1999 998 2080 proles

238 2081 427 2146 Accendunt
441 2084 548 2145 motus
562 2081 598 2145 in
612 2086 742 2164 pectore
757 2081 843 2145 fellis
859 2083 968 2146 amari.

238 2165 421 2231 Conubium
436 2166 543 2249 regni,
559 2165 694 2229 thalami
709 2167 871 2229 consortia
886 2167 966 2228 casti

237 2249 388 2315 Scindere
403 2251 593 2333 poscebant,
610 2252 643 2312 et
657 2247 743 2332 quod
757 2270 849 2312 mens
862 2249 953 2312 nulla
967 2249 1109 2332 tulisset,

172 2348 224 2397 290
236 2335 345 2399 Aiacis
359 2334 440 2398 haec
455 2337 557 2398 mater
572 2337 649 2397 erat.
680 2333 724 2397 sic
740 2333 855 2416 incipit
870 2353 925 2396 ore

237 2418 397 2484 Turbidus
412 2418 566 2482 Aeacides
585 2419 669 2481 iusta
684 2437 854 2482 succensus
869 2418 905 2480 in
919 2417 981 2480 ira:
1146 2449 1177 2498 [p.
1189 2449 1226 2500 49]

239 2502 291 2568 ‘si
306 2499 410 2587 pudor
423 2503 531 2567 Iliacis
546 2506 603 2566 ant
616 2502 778 2566 mentibus
794 2504 877 2566 esset
890 2500 1057 2583 honestas,

237 2587 405 2652 Excidium
421 2587 537 2652 Troiae
552 2587 579 2650 si
594 2590 725 2670 pectora
740 2587 825 2652 uicta
839 2585 998 2667 dolerent,

238 2671 415 2737 Herculeos
431 2672 563 2736 comites
578 2671 698 2735 Priami
714 2691 794 2756 gens
807 2669 927 2754 pracda
940 2669 1113 2753 Pelasgum

174 2769 225 2818 295
237 2756 314 2822 Non
328 2757 432 2841 magis
447 2755 602 2820 auderent
614 2757 651 2819 in
665 2755 750 2820 bella
763 2756 917 2820 lacessere
934 2752 1048 2818 Graios

241 2839 423 2905 Semideum
438 2844 512 2924 post
525 2839 610 2904 bella
625 2839 758 2923 ducum,
774 2840 889 2923 quibus
904 2839 982 2903 Ilios
997 2839 1113 2935 ingens

238 2923 335 2990 Uicta
349 2925 440 2989 iacet.
471 2924 632 3008 placuitne
647 2924 786 3009 Phrygis
800 2924 941 3006 periuria
955 2926 1062 3006 gentis

239 3007 371 3073 Soluere
386 3031 445 3073 uos
460 3009 592 3093 iterum,
608 3008 636 3072 si
651 3008 770 3072 dudum
785 3030 886 3092 parua
900 3007 1006 3071 luistis

239 3092 426 3177 Supplicia?
448 3093 577 3158 Priamo
593 3092 692 3156 Troes
707 3115 779 3157 mea
793 3092 879 3157 dicta
892 3091 1025 3156 referte:

242 3266 292 3314 ‘270
314 3265 446 3316 Posteris.
481 3264 561 3326 Quod
584 3270 662 3328 potes
685 3264 704 3312 I
708 3264 738 3314 M
753 3261 757 3327 Ι
773 3263 924 3314 Hesionam
992 3263 1042 3311 272
1065 3259 1092 3311 it
1114 3263 1141 3312 in

173 3347 269 3382 rasura
338 3335 388 3384 976
406 3347 456 3397 por
473 3348 538 3395 rege
556 3348 623 3382 corr.
643 3333 660 3381 I
667 3331 698 3382 M
758 3331 808 3381 278
827 3329 869 3380 illi
886 3345 955 3380 corr.
974 3328 992 3377 I
996 3329 1030 3379 M
1090 3331 1140 3380 279

174 3400 278 3464 peteris
347 3401 398 3450 284
415 3400 511 3451 meieni
569 3401 619 3451 987
638 3398 782 3448 Accedunt
799 3413 868 3447 corr.
888 3395 906 3446 Ι
910 3396 943 3446 Μ
1000 3397 1050 3448 998
1068 3395 1140 3447 Ocn-

174 3467 288 3516 nubium
380 3469 430 3518 290
456 3468 574 3531 incipiat
595 3483 665 3518 corr.
689 3464 743 3514 [Μ
826 3466 874 3514 991
893 3463 1003 3513 eacidcs
1089 3465 1139 3514 993

175 3534 251 3584 iusta
270 3534 398 3585 dolarent
415 3550 484 3585 corr.
502 3533 520 3582 Ι
525 3535 556 3584 Μ
