2576 3936
509 169 728 226 trusae-ou
1058 169 1101 234 49

201 319 245 383 Et
260 318 362 402 gemit
375 316 562 381 infrendens
577 318 729 382 amissum
747 319 856 384 nobile
870 320 998 404 pignus.

136 417 189 468 686
202 402 332 470 Atrides
347 401 392 466 sio
407 405 546 466 maestus
562 405 631 465 erat
645 401 683 465 de
698 403 836 486 eoniuge
849 409 950 486 rapta.

200 487 330 552 Interea
344 489 469 550 Aeneas
484 485 610 551 rediens
624 485 745 570 legatio
760 486 890 551 Troiam

200 570 345 637 Uenerat
359 573 392 634 et
405 569 534 636 Priamo
549 569 733 634 Telamonis
748 570 833 634 dieta
846 575 999 654 reportat.

202 655 265 720 Sed
280 653 427 719 Paridem
442 646 571 738 genitor
581 657 752 736 postquam
767 675 834 720 non
852 654 934 718 uidit
948 658 1098 738 amatum,

201 739 334 822 Plangit
349 742 381 802 ot
396 737 539 803 albentes
554 737 734 802 immundat
747 739 880 822 puluere
896 760 1003 804 canos.
1108 756 1139 804 [a
1154 756 1188 806 ⁶2]

139 836 192 884 690
202 825 352 886 Antenor
360 821 489 888 Priamo
504 821 612 906 pelagi
626 843 756 888 narrare
771 822 898 888 labores
1282 837 1283 840 ’

202 907 272 971 lam
287 906 365 970 fletu
378 909 530 972 manante
546 906 637 990 genis
653 909 685 970 et
700 907 787 973 mille
802 907 922 990 pericla

204 991 376 1074 Coeperat:
391 989 524 1086 ignarus
539 989 616 1073 quid
630 990 668 1054 de
683 1002 812 1074 pastore
826 991 969 1075 procella

201 1074 328 1144 Feoerit
342 1077 399 1138 aut
412 1073 538 1142 iuuenis
552 1074 687 1138 classem
702 1075 729 1138 si
744 1076 891 1140 merserit
906 1075 997 1140 unda

202 1157 338 1224 Nescius
353 1179 408 1222 ore
423 1156 535 1240 refert,
551 1157 613 1222 hoe
627 1162 754 1224 tantum
768 1180 863 1225 nosse
878 1159 998 1224 fatetur

140 1254 191 1304 696
203 1242 296 1317 Quod
310 1241 383 1324 pala
408 1242 415 1254 '
432 1242 536 1308 rabies
551 1243 703 1306 subuerso
719 1243 844 1326 gurgite
859 1244 953 1326 ponti

204 1325 365 1410 Sparserit
377 1262 491 1392 iliacus
506 1326 541 1389 in
555 1329 745 1409 tempestate
760 1327 893 1390 carinas.

204 1409 265 1474 His
280 1410 372 1473 dictis
386 1411 488 1494 gemit
505 1411 580 1474 aula
595 1410 692 1474 duois.
722 1431 756 1474 se
770 1410 909 1474 luotibus
924 1411 1017 1493 atris,

205 1493 337 1558 Moenia
350 1493 474 1563 iustitio
489 1493 622 1560 foedant
638 1498 671 1558 et
683 1494 849 1579 plangitur
864 1494 957 1576 urbe,

205 1577 305 1643 Sexus
320 1583 455 1662 uterque
470 1579 585 1662 gemit,
600 1599 667 1642 non
682 1601 741 1661 pro
757 1579 886 1642 uirtutis
901 1579 1025 1642 honore

139 1673 192 1725 600
204 1665 273 1726 Aut
287 1661 373 1745 quod
386 1662 461 1729 talis
476 1666 545 1728 erat
559 1663 615 1744 qui
628 1667 739 1746 posset
752 1663 837 1726 bella
852 1663 958 1726 subire

206 1749 274 1810 Aut
287 1746 414 1830 ingesta
428 1747 497 1830 pati
511 1746 564 1810 uel
579 1747 711 1811 summis
726 1747 849 1812 uiribus
863 1745 989 1812 hostem

204 1830 367 1914 Frangere
382 1835 415 1896 et
428 1829 583 1896 ensiferas
597 1831 664 1895 aeia
679 1831 824 1916 iugulare
840 1830 989 1896 cohortes
1004 1869 1044 1878 —

206 1914 360 1990 Quamuis
375 1914 572 1997 Alexander,
588 1915 616 1978 si
630 1916 753 1980 uiribus
768 1915 916 1980 Heroulis
931 1919 1014 1980 esset

204 1999 360 2062 Aemulus
376 2003 432 2062 aut
446 2001 532 2064 uerte
546 1998 745 2083 Meleagrum
760 2003 816 2064 aut
830 1999 954 2064 Thesea
968 1999 1068 2063 fortes

140 2093 192 2144 606
206 2086 370 2165 Aequaret
383 2083 503 2148 uirtute
518 2086 649 2166 potens,
665 2087 774 2148 tamen
788 2083 927 2147 Hectore
942 2102 1061 2166 magno

206 2165 333 2250 Sospite
348 2189 444 2232 nemo
459 2165 559 2230 Parin
577 2167 703 2250 lugeret
717 2165 812 2230 eorde
827 2165 950 2230 dolenti
966 2203 1004 2212 —

206 2249 269 2316 sed
283 2251 368 2336 regis
383 2251 459 2334 quia
473 2255 569 2316 natus
584 2254 667 2332 erat,
682 2250 720 2314 fit
733 2250 881 2333 planetus
895 2249 930 2313 in
945 2250 1034 2313 urbe.

204 2335 237 2400 N
238 2357 290 2400 em
305 2337 487 2418 quicunque
502 2355 625 2398 memor
639 2333 757 2399 Heleni
771 2355 846 2398 mox
861 2333 946 2398 diota
965 2333 1104 2416 tenebat,

206 2418 358 2484 Laetatur
373 2418 516 2504 gaudens
531 2418 586 2483 sed
600 2422 727 2484 tantum
741 2439 821 2482 uoce
837 2417 975 2482 dolebat.

145 2515 195 2563 610
205 2501 297 2567 Tune
311 2507 402 2587 pater
417 2503 542 2567 absenti
558 2503 718 2568 tumulum
732 2502 894 2567 formabat
909 2502 1048 2584 inanem,

207 2586 253 2664 Ut
267 2588 401 2652 iacuisse
416 2595 509 2670 putes
524 2587 685 2670 praesenti
700 2590 803 2652 morte
818 2586 961 2651 cadauer.

204 2669 292 2736 Dum
306 2675 399 2754 parat
413 2669 544 2736 inferias
559 2671 687 2756 genitor
701 2676 839 2737 mactare
854 2671 1000 2756 sepulero
1110 2685 1141 2733 [a
1158 2682 1193 2734 6]

206 2755 282 2820 Non
298 2756 352 2821 ubi
368 2777 484 2839 eorpus
500 2759 569 2820 erat
581 2757 634 2821 uel
648 2755 695 2820 nil
711 2756 827 2820 satiare
842 2777 969 2838 eruore,

208 2839 271 2902 Per
285 2839 369 2904 freta
384 2839 588 2922 conspiciunt
602 2843 714 2904 notem
730 2841 767 2904 de
782 2839 876 2904 litore
893 2841 1034 2904 classem.

146 2935 197 2984 616
211 2923 321 2988 Prima
335 2924 414 2988 ratis
429 2924 555 2988 iuuenis
569 2923 671 3008 regali
684 2923 830 3007 praedita
843 2923 937 3008 signo

209 3010 357 3090 Apparet
371 3029 467 3091 quam
482 3011 567 3071 serta
580 3007 686 3092 ligant
701 3011 795 3072 enata
809 3008 933 3072 rosetis.

210 3090 355 3157 Candida
369 3092 466 3176 pepla
480 3091 595 3156 uolunt
609 3095 642 3156 et
655 3094 787 3157 carbasa
801 3093 920 3156 serious
936 3096 1040 3174 ornat,

213 3247 263 3297 589
282 3241 380 3312 aenos]
396 3247 462 3309 sort.
477 3248 568 3298 crines
620 3246 793 3298 sebasteno
812 3245 943 3296 eormIM
995 3247 1044 3296 697
1061 3245 1110 3296 sed

143 3313 193 3364 602
217 3313 304 3364 aelam
328 3314 475 3365 corr.1M
540 3315 591 3364 604
613 3315 704 3366 Terea
773 3315 822 3364 612
845 3312 990 3376 sepulchro
1060 3315 1111 3364 614

144 3381 301 3444 eospioiunt
322 3396 391 3432 corr.
411 3380 429 3429 I
433 3379 467 3430 M
549 3382 598 3430 616
621 3381 718 3444 legant
740 3397 808 3430 eurr.
828 3380 882 3430 IM
898 3380 903 3444 Ι
923 3384 1021 3431 ornata
1040 3396 1110 3432 corr.

144 3447 294 3498 Burconem.
314 3449 353 3500 rt.
424 3449 473 3498 617
493 3447 598 3498 seriens
616 3463 684 3498 corr.
704 3449 721 3496 Ι
727 3448 759 3497 Μ

197 3529 329 3568 Danaorrn
342 3529 454 3568 earmina.
892 3534 909 3582 4
