2576 3936
529 266 554 316 V
573 267 655 316 1-55
1036 265 1073 328 ll

175 415 333 481 Hostibus
348 414 519 479 obstrietus
534 414 657 497 patriae
672 413 710 477 de
726 413 814 478 slede
828 415 947 496 paoisei
1049 421 1060 440 ⁹
1089 435 1121 482 [5.
1135 433 1169 482 11]

179 500 270 566 Clam
283 499 392 583 potuit
406 499 462 582 qui
477 505 572 562 Saeua
585 502 693 581 parat,
709 498 765 582 qui
779 498 863 562 oolla
877 499 1052 583 propinqui

125 598 160 646 25
177 584 265 650 Ciuis
282 588 314 648 et
328 583 465 647 insontis
479 583 595 647 nititur
609 585 758 646 truncare
773 586 933 647 eruentus.

180 668 381 733 Perdidimus
398 687 604 752 quoscunque
620 667 722 748 uiros,
737 667 821 731 forte
837 667 896 731 iste
911 669 1048 733 neeauit.

182 743 323 819 Classica
337 751 412 815 dum
426 753 562 815 reboant
576 755 609 814 et
623 749 741 815 Martia
756 752 821 815 tela
834 752 1005 835 pluuntur,

58 849 75 870 ·
176 837 266 900 Inter
279 837 414 900 ferratas
429 836 512 899 aeies
527 834 689 919 lituosque
704 839 855 900 sonantes

178 920 301 985 Obuius
316 924 439 984 armato
455 917 566 983 iuueni
580 920 608 983 si
623 920 703 983 eiuis
718 920 855 1003 adesset,

127 1018 162 1066 30
178 1004 261 1080 Quid
274 1005 396 1069 faceret
411 1004 466 1088 qui
481 1004 516 1067 in
531 1025 608 1088 paee
623 1003 718 1087 furit,
735 1005 790 1088 qui
805 1005 952 1088 turpibus
967 1005 1067 1071 instat

135 1091 136 1094 ’
177 1089 335 1154 Mortibus
350 1090 530 1171 insontum,
547 1088 602 1171 qui
617 1088 731 1152 funera
745 1111 856 1172 pressa
869 1089 1046 1155 reformat?

178 1173 305 1239 Seruati
320 1175 400 1238 uiuis
414 1194 501 1236 nune
516 1176 592 1236 sunt
606 1173 661 1236 ubi
676 1174 819 1256 praemia
834 1174 992 1257 quereus?

141 1283 147 1294 ·
176 1257 311 1322 Reddite
326 1258 427 1340 bello,
444 1257 552 1338 duces,
567 1257 714 1321 inimicas
729 1256 851 1321 reddite
866 1263 993 1342 gentes,

177 1341 339 1406 Barbarus
355 1342 459 1406 omnis
475 1345 540 1424 eat,
556 1341 685 1424 rapiant
700 1342 795 1404 simul
810 1363 899 1405 arma
914 1340 1037 1406 Saeuus

127 1437 160 1487 35
176 1425 321 1491 Sarmata
332 1425 430 1490 Persa
440 1425 566 1490 Gothus
575 1425 774 1490 Alamannus
786 1424 928 1489 Francus
939 1426 1072 1510 Alanus,

176 1509 240 1575 Uel
255 1531 462 1594 quaeeunque
479 1510 582 1574 latent
596 1513 708 1594 gentes
724 1510 887 1593 Aquilone
902 1516 1058 1593 remotae,

172 1595 213 1660 In
223 1616 282 1659 nos
292 1595 357 1659 tela
367 1598 496 1678 parent:
513 1596 620 1659 minor
638 1598 686 1658 est
696 1616 808 1676 pauor,
824 1595 948 1658 aduena
959 1617 1071 1678 eampo

175 1679 314 1743 Prodeat
329 1684 483 1759 armatae,
499 1679 598 1742 muris
615 1699 741 1742 seruare
757 1679 893 1742 salutem

178 1761 212 1828 Si
227 1785 366 1846 nequeas
383 1783 528 1848 pugnare
543 1763 628 1826 lieet.
659 1784 731 1826 eum
748 1762 817 1826 ciue
831 1783 889 1845 per
904 1763 1015 1826 urbem

125 1859 160 1907 40
173 1847 292 1911 Infelix
307 1847 383 1930 quid
398 1847 478 1911 uiuis
493 1850 582 1931 agat,
599 1846 676 1930 quid
691 1850 785 1910 noete
802 1846 915 1929 dieque

176 1931 306 1996 Moenia
321 1936 425 1996 rostra
438 1931 546 1995 forum
561 1931 713 2014 capitolia
727 1932 848 2014 templa
862 1935 994 2015 penates

175 2016 355 2080 inlustrans
371 2019 403 2079 et
417 2015 494 2079 fana
508 2016 604 2079 simul
619 2015 750 2079 delubra
765 2016 892 2079 theatra

176 2099 357 2165 Circumeat
372 2122 444 2164 eum
459 2100 529 2164 ciue
544 2100 645 2182 malo,
664 2122 736 2163 eum
752 2100 821 2163 ciue
840 2100 996 2163 cruento?

102 2251 106 2260 ,
174 2183 292 2248 Nullus
307 2185 347 2248 ab
358 2185 486 2248 ¹insidiis
501 2185 590 2248 loeus
606 2188 654 2248 est
671 2184 726 2267 qui
741 2183 852 2246 fraude
868 2184 1003 2248 uacabit.

125 2280 158 2328 45
173 2269 264 2332 Adde
280 2269 366 2352 quod
380 2269 480 2333 iratus
496 2269 601 2332 uietor
615 2289 688 2331 eum
702 2265 774 2351 lege
789 2267 931 2329 minatur

172 2353 217 2416 Et
230 2353 315 2418 lator
327 2353 409 2437 legis
424 2353 532 2417 ciuilia
546 2353 616 2416 iura
630 2351 772 2434 repellit,

175 2435 221 2500 Ut
235 2438 339 2522 legem
353 2441 479 2520 premat
492 2438 560 2520 ipse
576 2459 667 2500 suam
683 2457 779 2519 quam
794 2439 942 2499 sanxerat
957 2440 1046 2520 ante,

174 2520 261 2585 Dum
276 2523 381 2588 uietor
395 2525 469 2604 post
482 2522 568 2585 bella
582 2521 679 2603 redit,
699 2542 772 2584 eum
786 2520 877 2584 testis
893 2520 999 2605 imago

173 2605 488 2670 Formatur'uirtutis
503 2606 607 2669 honos
622 2609 656 2668 et
670 2605 774 2689 gloria
789 2605 908 2688 campi,
1003 2661 1017 2667 ,

127 2701 161 2749 5ο
174 2689 351 2754 Laetantur
365 2691 473 2771 mites,
489 2691 649 2774 gaudebat
668 2690 763 2753 turba
778 2711 906 2753 reorum

173 2773 218 2837 Et
232 2774 360 2838 ueniam
375 2775 527 2837 meruisse
542 2777 666 2856 putant.
698 2775 769 2864 quis
785 2773 864 2837 ciuis
882 2774 1006 2857 asylum

174 2857 291 2923 Credat
305 2859 340 2922 in
356 2880 427 2923 aree
444 2859 565 2922 mieans
580 2859 761 2922 insontibus
777 2878 845 2921 esse
860 2857 1039 2940 periclum?
1086 2871 1164 2920 [515]

173 2974 301 3059 Pauper
314 2976 405 3040 adest
418 2975 617 3039 miserandus
638 2976 731 3058 inops
747 2976 802 3040 sed
817 2975 896 3039 uiuis
916 2974 1071 3039 honestus
1081 2987 1164 3030 uafre·

175 3058 307 3143 Semper
322 3081 420 3145 egens
434 3060 566 3124 humilis
582 3059 697 3145 dignus
713 3081 808 3144 quem
823 3059 911 3124 diues
926 3063 1056 3140 amaret,
1104 3037 1140 3080 “⁰

123 3156 156 3204 55
172 3142 270 3208 Cuius
284 3145 319 3208 in
335 3145 488 3228 obsequio
503 3143 654 3208 famulari
668 3148 777 3227 posset
791 3144 953 3225 alumnus,

177 3283 210 3332 23
228 3282 371 3333 obstrutus
390 3299 459 3335 corr.
478 3282 575 3334 Buecd.
632 3284 665 3332 26
683 3283 769 3332 fortes
826 3279 982 3350 aagpremia
1038 3284 1071 3332 35

109 3348 230 3399 Gotthus
308 3353 340 3401 38
358 3350 498 3400 Producat
519 3353 606 3400 uersus·
627 3352 748 3414 praefixa
770 3357 808 3398 est
831 3351 992 3411 corruptelae
1011 3357 1071 3399 nota

109 3417 141 3466 41
161 3421 296 3480 poenates
347 3419 380 3466 42
399 3416 550 3468 Inlustrent
568 3433 636 3467 corr.
656 3416 751 3465 Bueclr.
805 3417 839 3464 47
857 3416 918 3480 ipsa
971 3418 1003 3466 50
1023 3417 1071 3465 mi-

110 3481 163 3547 tes]
183 3486 282 3534 maesti
294 3483 481 3535 uoluit’Bueclr.
533 3488 565 3536 55
584 3485 677 3534 Turba
696 3483 874 3547 superborum
891 3484 917 3532 br
930 3485 1001 3533 initio
1014 3498 1070 3532 uer·

110 3566 154 3600 555
170 3553 272 3615 scripta
288 3555 361 3602 uides
377 3553 425 3602 sed
442 3561 571 3616 carpuneto
587 3549 591 3616 t
608 3550 684 3600 Ciuis
702 3566 770 3600 corr.
789 3549 885 3600 Buerlr.
