2576 3936
424 221 492 272 vm
509 223 643 274 cre-655
671 221 712 273 rx
732 224 813 273 1-22
1058 223 1099 288 51

199 371 327 455 Martis,
344 375 376 434 et
391 370 498 434 ornati
512 370 628 435 misero
642 371 830 436 flammastis
845 392 953 441 amore

133 471 186 520 650
202 455 372 522 Ostensam
387 455 446 520 sub
460 458 555 520 noete
569 454 673 519 facem
689 476 753 537 qua
767 454 863 519 Troia
878 457 1046 539 cremetur,

199 540 269 616 Qua
280 539 368 623 Phry
392 560 425 602 es
436 539 603 603 incurrant
615 539 739 603 obitum
750 539 820 602 sine
831 539 964 603 crimine
974 540 1097 605 mortis.

199 624 364 710 Sanguine
407 623 519 687 roiano
535 624 662 688 dabitur
677 623 744 706 dos,
760 623 848 688 clade
864 622 1035 710 Pelasgum

119 784 120 787 Ἴ
197 707 467 772 DiteturLedaea
481 707 580 792 fugax
594 729 652 791 per
667 711 771 771 castra
785 727 939 792 propago,

199 791 362 857 Orbentur
376 793 491 875 superi,
507 793 630 856 eaelum
645 795 754 876 gemat
769 794 801 855 et
815 813 901 855 mare
917 791 1065 876 plangat:

134 890 184 940 655
200 876 330 942 Orimen
345 876 494 940 adulterii
508 876 582 940 telis
597 876 739 941 uindicta
756 879 917 960 sequatur.

134 1165 188 1232 IX.
216 1164 438 1230 Deliberatiua
451 1163 591 1230 Achillis
609 1182 651 1230 au
669 1181 783 1248 corpus
796 1163 944 1230 Hectoris
959 1164 1087 1232 uendat.
1107 1185 1140 1232 rr.
1152 1179 1188 1228 ou

199 1318 234 1384 Si
249 1318 344 1382 decus
359 1321 407 1382 est
421 1317 524 1382 uirtus
539 1322 572 1382 et
585 1318 727 1401 praemia
743 1321 858 1380 cuncta
872 1322 1022 1400 meretur,

199 1401 233 1467 si
248 1402 398 1466 meritum
412 1400 569 1484 postlata
583 1405 701 1484 manet,
718 1401 745 1465 si
759 1401 845 1464 fama
860 1405 1020 1484 superstes

197 1487 329 1552 Eminet
343 1489 376 1549 et
390 1485 511 1570 gaudet
524 1485 629 1549 titulis
644 1506 758 1549 ornare
774 1485 952 1568 sepulchra,

199 1574 317 1635 Annue
332 1570 419 1654 quod
430 1570 578 1652 petimus.
609 1569 702 1634 fortis
716 1590 775 1653 pro
790 1569 875 1634 forte
890 1571 1029 1654 rogeris:

168 1669 183 1716 5
198 1654 355 1740 Egregias
370 1656 493 1718 mentes
508 1654 611 1717 uirtus
626 1653 762 1718 delectat
776 1654 812 1716 in
826 1653 928 1736 hoste,

197 1739 325 1804 Inuidia
340 1759 431 1803 mens
446 1759 569 1801 summa
585 1741 681 1819 caret,
695 1737 827 1801 laudare
843 1736 958 1800 decora

197 1822 302 1889 Nouit
316 1827 350 1887 et
363 1823 513 1906 ingentes
528 1821 674 1885 attollere
690 1821 806 1906 gestiet
820 1824 920 1886 ectus.

198 1907 264 1972 Dat
278 1907 381 1971 uirtus
396 1905 541 1988 exempla
555 1906 648 1970 bonis
663 1906 837 1990 prauisque
851 1905 1007 1988 pudorem

198 1991 356 2056 Debilites
376 2011 456 2074 quos
471 1990 554 2054 lassa
569 1991 694 2073 premit.
725 1995 761 2054 tu
776 1991 869 2054 fortis
884 1991 1028 2055 Achilles

149 2089 182 2136 10
202 2075 285 2151 Quid
300 2075 452 2158 prohibes
467 2074 619 2157 tumulos,
635 2075 782 2157 quamuis
797 2075 921 2138 iactura
937 2075 1075 2156 sepulcri

199 2159 367 2224 Temnitur
382 2163 414 2223 et
428 2157 512 2221 nihil
527 2162 575 2222 est
591 2159 726 2254 quoduis
746 2159 782 2220 in
798 2160 901 2220 morte
916 2157 1096 2239 periclum?

199 2243 233 2308 Si
248 2264 359 2308 sensus
398 2245 449 2306 ost
463 2241 530 2305 fata
544 2244 643 2324 perrt,
660 2262 716 2304 cur
730 2241 824 2305 busta
838 2240 1022 2324 negantur?

198 2327 232 2393 Si
247 2349 338 2391 mens
400 2329 551 2408 amanet,
567 2326 632 2389 iam
646 2325 764 2389 rectius
780 2344 855 2408 ergo
870 2326 1004 2406 putatur

196 2410 228 2476 N
231 2433 274 2476 cn
284 2410 410 2496 requies
423 2409 477 2474 sed
492 2431 597 2492 poena
607 2429 720 2494 rogus:
739 2411 901 2473 tormenta
915 2408 1096 2490 sepulcrum

149 2509 181 2556 15
198 2495 237 2560 In
261 2495 323 2559 erit
343 2498 375 2559 et
389 2515 500 2558 manes
514 2494 656 2558 tolerant
669 2515 727 2576 per
740 2493 884 2557 membra
898 2491 1051 2558 dolorem.

197 2517 260 2644 sel
274 2600 403 2644 sensum
418 2599 490 2643 cum
504 2577 576 2641 luce
591 2577 686 2641 simul
700 2576 857 2660 postlata
871 2575 975 2659 perire

197 2662 356 2748 Segnibus
372 2667 404 2726 et
417 2662 525 2746 pueris
539 2661 695 2726 mentitur
708 2661 795 2726 fama
809 2661 949 2726 relatrix.

197 2747 280 2813 Sunt
294 2747 418 2811 animae
433 2749 507 2830 post
521 2747 664 2812 membra
676 2746 763 2830 piae:
785 2769 864 2831 quas
879 2747 977 2830 ignea
991 2747 1095 2812 uirtus

196 2830 297 2896 Tollit
311 2831 352 2895 ad
367 2835 451 2894 astra
465 2830 587 2894 micans
603 2835 635 2894 et
650 2831 727 2895 solis
741 2831 777 2894 in
792 2832 868 2895 orbe
883 2831 1030 2895 recondit

146 2927 179 2976 20
196 2915 340 2980 Lunares
355 2937 429 2984 non
437 2935 532 2998 passa
547 2915 671 2998 globos.
703 2936 739 2978 ac
754 2915 889 2998 desuper
904 2915 1014 2978 orbem

195 2999 396 3084 Exspectant
411 2999 582 3082 stellasque
597 3019 698 3082 uagas
715 3003 747 3062 et
761 2999 854 3083 signa
869 2997 973 3062 leonis

196 3085 347 3168 Augusto
360 3083 436 3167 quid
448 3103 558 3149 mense
572 3086 697 3166 parent,
709 3083 786 3167 quid
797 3087 903 3149 cetera
917 3084 1076 3165 temptent

199 3239 250 3289 650
276 3237 399 3288 Ostensa
425 3237 546 3288 Ohtenta
568 3237 624 3286 IM
706 3240 721 3288 2
743 3242 807 3302 post
832 3252 915 3302 pama
942 3239 1036 3283 manet
1062 3235 1097 3297 cs.

132 3303 215 3356 Oresa
232 3307 284 3356 470
346 3305 439 3367 spart
457 3303 550 3355 hostes
568 3320 662 3355 rasura
725 3307 757 3354 10
775 3302 914 3368 sepulchri
978 3304 1009 3352 12
1030 3303 1075 3352 cui

131 3375 162 3423 13
182 3377 210 3421 et
228 3374 284 3423 iam
302 3377 398 3436 pectus
416 3387 484 3421 corr.
495 3371 589 3422 Boset.
607 3371 611 3433 Ι
626 3371 699 3422 uerbi
715 3375 828 3435 putatur
843 3387 859 3434 p
875 3373 951 3420 litero
969 3377 1098 3434 carpeneta

129 3441 232 3490 uidetur
296 3441 328 3489 14
346 3438 523 3503 sepulchrum
582 3442 612 3490 1⁷
631 3439 761 3503 Signibus
829 3440 861 3488 21
880 3437 1042 3502 Exspectat.
1061 3437 1097 3500 cf.

131 3509 156 3559 d.
175 3509 223 3558 deo
241 3507 256 3557 1
273 3509 323 3560 356
375 3508 408 3556 22
427 3511 540 3557 caetera

791 3559 895 3638 ,μ
