2576 3936
433 267 436 274 ι
461 237 486 288 V
503 240 646 288 233-300

134 387 258 452 Diuitis
274 389 384 469 optata
397 387 580 470 praesentia
592 387 721 450 turbida
735 387 847 451 rostris

134 472 290 555 Adparet.
322 471 502 536 conclamat
515 471 624 554 inops:
641 472 816 538 succurrite
832 471 917 535 ciues
922 521 931 554 ‚

136 555 228 621 Ciuis
243 555 333 620 adest
349 555 511 619 uiolentus
526 559 618 620 atrox
632 577 704 619 mea
718 555 786 619 fata
800 556 965 639 requirens

137 639 241 715 Quem
255 639 339 702 nihil
351 639 470 706 offendi
484 641 548 704 nisi
559 639 645 723 quod
656 662 726 704 sum
737 660 860 723 pauper
871 640 1036 702 honestus.

66 737 122 786 270
137 723 224 788 Eece
238 723 336 787 trium
359 723 452 806 halis,
468 723 683 806 metuendum,
700 723 838 805 dextera,
853 724 975 788 ferrum

136 808 176 872 Id
192 807 277 891 quod
291 809 326 871 in
337 747 475 872 inostiles
490 809 619 892 iugulos
634 830 673 872 ex
688 809 766 872 urbe
782 808 896 890 tulisti,

137 893 178 957 In
193 893 298 975 patria
312 912 462 956 reuocare
477 892 582 956 uelis?
603 914 644 956 ne
660 893 784 956 uiscera
798 892 910 956 matris

138 975 353 1060 Transadigas
368 976 485 1060 gladio,
500 976 619 1045 laceres
634 998 675 1041 ne
691 979 834 1042 membra
848 976 990 1060 parentis

138 1059 228 1136 Quae
243 1064 275 1124 te
290 1060 467 1143 palmiferis
483 1060 592 1125 docuit
606 1082 794 1125 concurrere
809 1062 891 1126 telis.

71 1159 123 1207 275
139 1145 241 1208 Parce
257 1166 379 1228 precor,
395 1145 515 1209 ferrata
530 1167 654 1228 manua,
671 1146 780 1210 ciuilia
795 1146 878 1210 colla

138 1227 191 1294 Ne
205 1228 301 1292 ferias
317 1251 398 1313 quae
414 1251 524 1294 mucro
539 1233 614 1294 tuus
629 1229 773 1294 defendit
786 1231 827 1293 ab
842 1229 943 1293 hoste.

140 1313 191 1378 Sit
204 1311 309 1398 pudor
323 1317 420 1396 atque
434 1313 525 1377 nefas
541 1315 731 1460 extinpuere
745 1314 869 1396 proelia
884 1334 996 1395 campo

138 1397 185 1461 Et
197 1400 317 1462 mortes
331 1398 506 1462 transferre
520 1397 602 1465 foro.
648 1401 775 1462 amenta
790 1398 916 1462 minora
1052 1415 1081 1470 tp.
1095 1415 1129 1468 eor

141 1479 308 1546 Credimus
323 1481 443 1564 auditu,
459 1481 552 1546 dolor
566 1486 772 1630 estspeetare
787 1481 963 1563 cadentem,

75 1579 127 1628 280
141 1565 271 1630 Funera
285 1569 353 1630 siue
368 1566 469 1630 oeulis
484 1568 596 1630 uiuum
611 1567 645 1630 ui
666 1567 728 1630 isse
744 1567 879 1631 cadauer

140 1649 222 1714 (lum
238 1650 339 1734 gemit
353 1654 385 1714 et
399 1651 539 1715 moriens
553 1651 773 1715 tremibundos
787 1651 927 1735 palpitat
941 1655 1038 1714 artus.

140 1733 286 1818 Mugitus
302 1755 382 1817 quos
397 1735 452 1798 ille
468 1735 557 1800 dabit
570 1757 629 1882 per
643 1735 771 1799 moenia
785 1756 917 1818 pauper,

142 1817 225 1882 Oum
240 1819 339 1902 uulgo
352 1823 516 1902 spectante
532 1841 568 1884 ca
591 1824 632 1903 et,
649 1840 721 1883 cum
736 1820 879 1884 membra
894 1840 1007 1883 cruore

140 1901 321 1966 Perfundat
334 1903 536 1987 moribunda,
552 1904 620 1968 solo
635 1926 708 1968 cum
723 1904 849 1968 mordet
863 1925 1002 1968 arenam.

76 1999 126 2048 285
139 1987 310 2070 Anguibus
325 1987 370 2050 im
394 1987 517 2052 licitum
531 1988 640 2052 eredas
655 1987 820 2053 Laoconta
834 1991 1026 2072 gementem.

142 2069 195 2135 Sic
211 2071 302 2135 decet
316 2075 353 2134 ut
366 2009 460 2136 iirrtis
475 2072 576 2136 lassos
590 2077 627 2136 ut
642 2072 731 2136 diues
746 2077 887 2156 egentes

142 2155 238 2219 Ciues
253 2155 332 2218 ciuis
347 2177 443 2239 ames,
459 2161 515 2221 aut
530 2157 575 2220 sie
590 2155 773 2220 defenditur
787 2155 923 2219 insons?

143 2237 177 2304 Si
192 2261 306 2303 uocem
321 2240 492 2304 simulacra
506 2242 628 2321 darent,
642 2245 699 2303 tua
714 2239 807 2324 signa
821 2242 975 2386 reparent

142 2322 186 2387 Et
200 2323 294 2387 dolor
308 2324 370 2387 ista
384 2325 473 2389 daret
488 2325 640 2389 deflendis
655 2324 755 2388 uerba
769 2344 866 2408 quere
881 2323 923 2386 is:

79 2421 130 2469 290
146 2407 226 2471 ‘Die
240 2408 366 2472 iuuenis
383 2408 481 2492 diues,
495 2411 619 2493 patriae
635 2408 684 2472 dio
699 2407 793 2472 fortis
808 2411 941 2489 amator,

144 2490 178 2556 Si
192 2513 315 2575 pauper
328 2515 402 2556 reus
417 2497 475 2576 est,
490 2499 547 2557 tua
562 2493 638 2577 quid
652 2493 798 2576 peccauit
812 2492 919 2576 imago

144 2574 283 2641 Uirtutis
298 2581 508 2644 monumenta
521 2581 605 2661 tuae,
621 2577 698 2662 quid
713 2577 803 2642 testis
818 2577 980 2640 honorum

143 2659 312 2725 Temnitur
326 2664 359 2725 et
372 2663 495 2744 patriae
510 2661 682 2726 foedantur
695 2662 824 2726 moenia
837 2661 1010 2725 nostrae?'

144 2743 232 2808 Haec
247 2745 490 2810 simulacrorum
505 2769 569 2810 uox
585 2751 642 2830 est,
657 2746 842 2830 patriaeque
857 2745 1015 2830 gementis

81 2841 129 2889 295
145 2828 233 2892 Audi
247 2830 347 2893 uerba
360 2835 435 2894 tuae
452 2831 583 2895 ‘merito
598 2836 630 2895 te
645 2831 730 2895 laeta
745 2831 860 2910 emani,

143 2911 306 2980 Infantem
322 2916 445 2998 gremio
460 2916 561 2997 tenui,
577 2915 672 2978 simul
686 2915 785 2978 ubera
799 2935 900 2998 paruo

144 2995 230 3060 Urbs
245 3002 347 3062 mater
361 2999 564 3063 tremibunda
578 3000 650 3063 dedi
665 2999 824 3063 cunabula
838 3002 1011 3082 praestans

145 3079 248 3156 Quem
262 3086 498 3165 praetextatum
512 3083 625 3150 iaculis
640 3082 811 3167 proludere
826 3083 915 3165 iussi,

142 3165 294 3248 Impubes
309 3167 373 3231 iam
388 3168 482 3232 fortis
498 3189 577 3252 eras,
592 3168 733 3232 inuictus
748 3167 875 3232 adultus

84 3263 131 3311 reo
144 3248 189 3314 nt
203 3251 330 3315 iuuenis
345 3251 458 3316 uictor.
489 3254 543 3316 sed
557 3273 599 3316 ne
613 3252 780 3316 fraudatus
795 3251 900 3314 abires

149 3406 199 3456 268
221 3421 255 3454 aa
278 3404 358 3456 diues
380 3407 556 3458 scribendum?
623 3409 674 3457 274
696 3419 827 3455 concurre
897 3407 947 3456 280
972 3407 1031 3456 sine

86 3524 132 3573 286
149 3481 241 3573 ludios
258 3481 340 3572 scirtio
409 3525 459 3576 288
476 3529 623 3590 rogassent

811 3604 846 3657 2⁸
