2610 3946
562 189 588 238 x
607 191 690 240 1--58
1068 191 1104 256 61

212 341 265 406 Ad
281 363 339 405 sua
352 343 457 404 castra
469 343 594 422 petunt.
623 339 714 406 lauro
729 341 891 406 succincta
928 344 1019 406 odae

211 426 355 510 Pegaseo
370 424 409 488 de
424 423 515 488 fonte
531 423 620 506 ueni,
637 446 701 507 quo
716 445 788 489 rore
802 364 958 490 medullas

154 523 196 574 30
209 510 254 576 Et
269 530 381 574 sensus
395 507 528 574 intrude
542 529 641 574 meos.
672 529 728 572 cur
741 507 859 593 hospes
875 514 1000 576 amatur

215 592 278 669 Qui
292 591 479 658 mactandus
493 597 563 657 erat
577 593 629 658 uel
644 613 701 657 cur
715 597 873 659 mactatur
887 592 1033 658 ornatus?

213 745 315 809 Diues
329 744 415 827 apud
430 743 569 808 Colchos
583 742 715 808 Phrixei
729 744 858 810 uelleris
872 767 987 810 curum
1023 825 1025 828 Ι
1121 747 1151 799 [r.
1166 748 1200 798 ⁷⁸1

214 829 314 894 Pollis
330 832 399 892 erat
412 833 540 892 seruata
555 827 609 892 diu
624 828 754 892 custode
770 829 917 894 dracone.

214 912 308 977 Hanc
322 917 454 996 propter
468 912 575 996 pelagi
589 915 763 977 temerator
776 913 899 997 primus
912 913 1009 980 Iason

161 1010 199 1059 35
214 997 357 1063 Uenerat
370 1001 408 1062 ut
420 995 533 1062 rutilas
548 995 738 1062 subduceret
751 998 864 1062 arbore
879 998 979 1062 lanas.

216 1081 263 1146 Ut
277 1080 396 1166 Scytha
411 1081 579 1164 conspexit-
593 1079 723 1146 Graiam
739 1081 777 1145 de
791 1081 901 1147 littore
915 1081 1050 1166 puppim

216 1166 267 1230 Iro
282 1186 340 1248 per
353 1166 512 1229 undosum
527 1164 694 1248 proscissis
709 1167 858 1232 fluctibus
873 1188 1003 1250 aequor,

216 1250 373 1334 Expauit,
393 1271 469 1313 nam
488 1253 634 1313 monstra
654 1252 762 1330 putat:
790 1251 861 1333 quis
885 1251 1028 1313 crederet
1047 1271 1115 1313 um-

467 1360 473 1370 ·
883 1356 957 1398 uam

216 1416 279 1481 Per
293 1416 375 1482 freta
389 1439 447 1500 per
461 1417 588 1482 rabidas
603 1416 768 1481 hominem
782 1355 918 1482 tramine
933 1416 1114 1500 procellas?

167 1515 203 1563 40
218 1501 378 1566 Barbarus
393 1502 507 1586 ignaro
522 1500 591 1586 regi
605 1501 670 1564 ianr
684 1501 818 1566 nuntius
832 1502 900 1566 ibat

218 1585 305 1661 Quae
320 1607 407 1650 noua
420 1585 578 1669 perferret
591 1585 739 1669 pelagus,
754 1586 809 1648 sed
825 1585 958 1650 callidus
972 1584 1067 1649 heros

219 1669 312 1735 Solus
326 1669 423 1735 Iason
439 1669 543 1734 adhue
557 1674 656 1734 uento
672 1673 819 1733 currente
835 1669 944 1734 cerina

217 1753 350 1818 Prosilit
364 1754 399 1818 in
414 1754 530 1818 fluctus
545 1756 578 1816 et
589 1753 700 1817 littora
714 1753 785 1818 uisa
798 1758 911 1819 natatu

217 1837 366 1902 Nudatus
382 1858 440 1902 ceu
454 1842 554 1902 nauta
567 1837 658 1920 petit.
680 1838 735 1902 sed
751 1836 879 1903 Colchis
895 1838 1042 1904 alumnus

167 1935 201 1983 45
215 1921 358 1987 Nuntius
373 1922 428 1986 ille
444 1923 527 1988 redit
541 1943 648 1987 secum
664 1923 837 1988 comitante
853 1924 986 1988 iuuenta

218 2005 266 2070 Ut
279 2011 412 2070 nossent
426 2007 504 2090 quid
517 2007 634 2090 puppis
650 2011 719 2070 erat
733 2007 810 2091 quid
830 2008 902 2071 uela
917 2009 994 2090 quid
1012 2006 1117 2070 arbor.

219 2089 366 2154 Membra
379 2091 533 2155 uiri=mox
548 2090 635 2156 nuda
649 2090 761 2154 uident
775 2091 930 2174 fugientis
946 2091 986 2154 ed
1006 2090 1118 2173 undas,

219 2173 321 2248 Quem
332 2175 477 2259 sequitur
488 2174 608 2238 directa
619 2173 933 2256 manuscapiuntque
969 2177 1120 2237 auentem

217 2257 263 2324 Et
276 2260 424 2323 manibus
436 2263 510 2342 post
520 2262 612 2342 terga
626 2258 738 2342 ligant.
761 2261 839 2321 tunc
853 2255 935 2321 Iuno
946 2195 1118 2341 1Ciytheren,

171 2353 205 2403 50
220 2341 267 2408 Ut
282 2342 364 2407 uidit
378 2343 528 2408 iuuenem
544 2341 708 2426 Scythicas
723 2345 842 2406 artasio
858 2345 986 2406 catenas

221 2425 266 2491 Et
280 2427 413 2509 pauidos
428 2429 464 2491 fu
488 2428 550 2492 isse
564 2426 660 2490 simul
675 2447 747 2490 cum
762 2448 828 2509 pup
852 2446 869 2489 e
884 2425 1019 2508 sodales,

222 2511 432 2594 Adloquitur:
449 2448 587 2576 ‘lasciua
601 2509 713 2575 Uenus
727 2447 867 2574 incenia
881 2511 1026 2574 modesta

221 2594 347 2658 Blanda
361 2599 476 2679 potens
490 2595 577 2660 mitis
591 2594 728 2660 fecunda
742 2598 893 2659 uenustas
909 2595 1027 2659 amoris

220 2678 362 2744 Pulchra
376 2680 581 2762 uoluptatum
596 2678 743 2764 genetrix
758 2685 791 2743 et
809 2701 931 2744 numen
945 2682 1120 2760 amantum,

173 2772 206 2822 55
221 2762 267 2826 Te
282 2763 393 2828 diuum
407 2765 520 2848 regina
533 2785 647 2846 precor
661 2767 809 2828 matrona
823 2762 994 2828 Tonantis:

221 2847 283 2913 Est
296 2848 392 2912 nimis
408 2853 557 2931 acceptus
572 2848 699 2912 iuuenis
713 2847 794 2911 mihi
809 2847 943 2930 pulcher
956 2846 1053 2910 Iason

225 2930 287 3007 Qui
299 2932 440 3016 gelidum
450 2931 612 3015 quondam
623 2952 748 2995 mecum
760 2936 985 2995 transnauerat
994 2930 1122 3012 Istrum,

222 3015 267 3079 hlt
280 3036 367 3080 nunc
381 3017 496 3081 infelix
510 3015 650 3080 trahitur
666 3015 812 3099 captiuus
828 3015 867 3079 od
882 3017 988 3080 aulam

227 3272 260 3320 29
279 3271 404 3321 modulos
420 3274 469 3322 red
486 3274 568 3322 altera
585 3272 594 3321 l
612 3287 693 3336 cupra
711 3289 728 3321 a
746 3272 844 3320 literam
862 3271 968 3333 oppleta
985 3275 1024 3318 est
1092 3270 1124 3319 32

159 3337 281 3401 Phryxei
333 3341 365 3389 33
384 3339 431 3388 dui
493 3341 525 3390 33
544 3339 655 3390 tabidas
705 3339 739 3388 40
757 3338 879 3396 nuntius]
898 3338 1030 3402 Mutiusp
1091 3337 1126 3385 44

157 3406 223 3468 fort.
247 3403 366 3456 Colchus
451 3408 484 3455 46
510 3411 604 3457 nosset
630 3422 697 3456 corr.
721 3403 817 3454 Bacch.
902 3405 935 3454 49
962 3403 1091 3454 citherem

160 3474 194 3523 63
211 3480 344 3524 uenustas
363 3474 463 3524 amoris
481 3483 627 3538 corruptum
644 3475 746 3524 uidetur
