2576 3936
218 207 238 270 g
412 209 415 212 ·
597 203 794 254 nuncnune

139 375 172 424 [r.
185 375 206 423 e]
284 355 334 420 Tu
348 354 428 418 mihi
442 374 563 418 numen
579 353 640 416 eris
655 353 683 416 si
698 351 839 416 earmina
852 353 964 414 nostra
977 350 1127 436 leuariss

234 453 268 501 20
281 438 367 504 Nam
396 442 453 502 tua
486 439 552 502 sint
580 457 787 520 quaeeunque
817 436 934 519 loquor
965 457 1188 521 quaeeunque

389 565 390 570 η
927 540 1087 584 canemus.

218 776 272 843 IV.
298 777 376 860 Exp.
390 737 559 859 praelatio.
587 774 706 857 Ineipit
720 749 890 840 sdloeutio.
919 773 1190 840 UerbaHeroulie

290 883 359 931 oum
372 863 499 930 uideret
511 862 809 1035 Hydrqqssteqpquiss
824 863 931 945 eapite
944 862 1106 945 pullulare

282 1123 428 1206 Iuppiter
444 1123 662 1206 omnipotens,
679 1122 756 1186 eelsi
771 1121 955 1186 moderator
970 1121 1099 1206 Olympi
1112 1172 1121 1204 ,

283 1207 349 1272 Cur
363 1206 444 1269 mihi
459 1207 581 1290 uiperei
596 1206 681 1271 fetus
696 1206 864 1270 malefeta
878 1206 1068 1271 minantur?

283 1290 329 1354 Te
343 1295 514 1375 regnante,
530 1313 660 1375 parens,
680 1291 715 1354 in
730 1312 781 1354 me
797 1291 945 1354 coniurat
958 1291 1071 1374 iniqua

283 1376 472 1457 Serpentum
487 1377 617 1440 cristata
630 1395 754 1440 manus.
784 1374 839 1438 sed
853 1375 937 1439 forte
954 1376 1083 1459 superbi

249 1465 269 1521 '5
285 1459 381 1524 Narro
396 1460 519 1523 eaelum
538 1463 639 1523 terras
659 1463 796 1542 pontum
810 1458 997 1542 fulmenque
1013 1459 1184 1524 trisulcum

283 1543 428 1608 Heredes
444 1547 477 1607 et
490 1543 574 1608 Iuno
588 1546 716 1625 tenent,
732 1564 787 1606 seu
801 1542 945 1628 fulgidus
961 1551 1033 1608 ortu

284 1627 421 1692 Proruis
435 1627 476 1692 ad
490 1632 591 1692 terras
605 1649 661 1691 seu
677 1628 741 1692 iam
756 1627 899 1692 defessus
914 1628 1023 1692 anheli

285 1711 403 1778 Sideris
419 1733 534 1778 occasu
548 1716 688 1776 maestus
702 1716 759 1776 tua
774 1733 875 1796 regna
889 1713 1055 1796 relinquis.

284 1797 446 1878 Paenitet,
463 1797 545 1861 alme
559 1819 692 1879 parone,
711 1799 819 1860 uestra
833 1796 871 1860 de
887 1797 985 1880 stirpe
1000 1800 1142 1860 creatum

237 1894 269 1941 10
283 1879 445 1963 Aleidem,
462 1881 538 1963 quie
552 1880 661 1944 nullus
675 1880 780 1944 honos
796 1884 829 1944 et
842 1880 930 1944 mille
944 1881 1073 1963 pericla.

284 1963 370 2029 Nam
382 1963 594 2048 quodeunque
605 1965 727 2028 malum
741 1986 872 2048 superas
886 1965 1022 2050 emergit
1032 1965 1067 2028 in
1079 1985 1186 2049 auras,

284 2047 433 2113 Herculis
447 2048 550 2112 hostis
566 2048 635 2112 erit,
663 2070 721 2131 per
735 2071 795 2113 nos
810 2071 886 2112 nam
899 2049 985 2113 bella
1000 2052 1156 2134 geruntur
1164 2100 1174 2134 ‚

285 2133 368 2197 Iuno
384 2154 525 2197 nouerca
538 2133 648 2197 furens
666 2133 774 2217 potuit
789 2155 870 2216 quae
885 2133 972 2197 uicta
985 2155 1097 2217 parare

285 2216 459 2302 Priuigno,
475 2221 586 2282 natum
602 2239 696 2301 quem
712 2216 901 2301 comprobat
915 2239 984 2282 esse
998 2217 1157 2282 Tonantis

238 2314 270 2363 15
285 2301 372 2366 Dum
392 2303 486 2366 nobis
507 2302 664 2366 immensa
677 2302 782 2383 iubet,
804 2324 855 2366 me
874 2323 997 2386 proque
1011 2303 1185 2386 triumphis

285 2386 426 2450 Horrida
440 2386 525 2450 bella
539 2391 672 2451 manent
687 2390 719 2450 et
733 2408 900 2470 uunquam
915 2391 999 2450 stare
1014 2387 1125 2451 licebit

285 2469 388 2535 Hoste
403 2470 472 2534 sine
487 2470 694 2554 trucibusque
711 2469 766 2533 diu
784 2491 973 2534 concurrere
987 2471 1140 2536 monstris

287 2554 480 2636 Compellor.
516 2557 660 2650 genitor,
675 2557 707 2617 te
722 2555 757 2617 in
771 2559 899 2619 nosmet
914 2555 1053 2639 pessime
1067 2555 1186 2620 coniux

286 2637 468 2718 Horrescit,
483 2659 600 2702 mrsero
616 2659 741 2722 semper
755 2641 791 2703 lu
806 2661 902 2703 eausa
916 2639 1029 2722 pericli
1046 2661 1088 2704 es,

237 2735 270 2783 20
284 2720 370 2786 Nam
385 2721 466 2784 mihi
480 2725 644 2804 reptantes
658 2722 783 2787 tumida
798 2724 921 2788 eeruioe
937 2723 1092 2788 dracones

286 2805 369 2869 Iuno
386 2805 465 2870 duos
479 2805 582 2888 misit,
599 2807 670 2890 quis
685 2807 826 2873 frontem
841 2808 939 2872 orista
952 2808 1099 2892 tegebat,

286 2889 451 2954 Flammea
466 2889 522 2954 lux
537 2891 656 2975 oeulis,
672 2912 731 2975 pro
742 2892 868 2975 spumis
883 2896 967 2956 tetra
981 2913 1121 2974 uenena,

290 3147 317 3196 ia
334 3147 501 3210 inscriptione
519 3147 616 3211 pulure
685 3151 703 3198 4
720 3165 769 3200 uno
787 3150 924 3214 eodemque
937 3155 1083 3199 octonarum
1101 3149 1186 3198 literu-

222 3229 277 3262 rum
297 3215 383 3277 spatio
406 3220 526 3279 quattuor
547 3231 637 3265 uersus
654 3232 670 3264 a
688 3217 801 3280 marpine
818 3218 909 3266 remoti
929 3222 988 3266 suni
1003 3217 1007 3273 Ι
1023 3217 1100 3265 nium
1170 3216 1186 3265 8

223 3283 343 3330 maestos
401 3283 431 3330 11
452 3295 586 3346 superans
605 3297 634 3332 ee
652 3283 740 3331 uinoit
758 3287 920 3346 corruptelae
937 3283 1009 3348 sipuo
1028 3297 1058 3333 se
1076 3287 1186 3334 notatum

224 3348 256 3397 15
275 3361 383 3410 quoque
454 3350 486 3398 18
504 3353 532 3398 te
551 3350 579 3398 in
598 3345 717 3414 nosmet]
738 3357 883 3414 corruptum
901 3352 1011 3402 uidetur.
1043 3351 1129 3401 sensui
1144 3365 1191 3398 νε-Ἰ

222 3415 386 3478 spondetis,
404 3431 459 3465 non
477 3431 520 3465 me
584 3418 615 3466 19
634 3415 758 3466 Orreseit
814 3420 847 3467 20
864 3419 988 3482 reptanti
1005 3433 1073 3469 corr.
1090 3417 1205 3467 Baeclr.⁴

225 3483 259 3531 22
271 3485 349 3531 tecta
367 3484 530 3545 eorrnpielae
547 3485 619 3546 ripae
638 3489 749 3532 notatum
767 3499 835 3534 corr.
852 3484 949 3538 Buerir.
1209 3495 1212 3500 ’·
