2610 3946
235 221 280 287 82
604 206 842 272 sirisurcmo

252 385 286 434 60
342 371 485 435 Humida
500 391 572 434 eum
588 370 679 434 sienis
694 369 791 453 ignea
804 390 879 436 eum
894 369 1018 454 gelidis,

302 455 426 521 Littera
440 455 647 538 doctiloquax
662 453 776 538 apibus
793 459 933 537 cognata
947 454 1096 538 refertur,

345 538 423 615 Quis
439 539 533 604 datur
547 543 585 602 ut
598 538 740 602 habeant
756 538 891 602 uulnera
906 541 1009 602 eastra
1023 538 1134 604 fanos:

302 623 384 690 (iera
398 625 453 688 dat
467 623 636 708 ingenium
650 622 767 706 pueris,
783 621 959 706 primordia
974 644 1096 706 senene,

341 708 420 772 Inde
435 709 473 772 fit
486 711 524 771 ut
537 707 641 790 prosit
654 706 763 770 littera
777 706 830 770 uel
845 710 968 770 noceat.

251 805 284 856 65
299 793 397 942 Aspis
411 792 510 856 habet
524 794 643 872 mortes
658 789 757 855 habet
770 793 804 854 et
817 791 1029 854 medicamina
1043 812 1191 880 serpens,

374 877 464 961 ipera
479 897 573 959 saepe
588 876 688 958 iuuat,
703 875 815 958 uipera
829 896 923 957 saepe
937 878 1043 939 nocet.

300 960 406 1026 Gerua
420 961 575 1024 salutares
613 962 683 1023 asto
699 963 846 1042 serpente
861 958 1014 1026 medellas

343 1043 482 1109 Oonfieit
497 1047 530 1107 et
544 982 671 1126 pellunt
683 1042 754 1126 ipsa
768 1065 894 1107 uenena
907 1064 1012 1108 neces,

300 1127 451 1192 Materies
465 1127 545 1191 ferri
560 1126 696 1209 simplex
711 1132 744 1192 et
757 1128 855 1192 noxia
869 1126 981 1210 fertur,

252 1225 285 1274 το
341 1211 464 1294 Impius
479 1211 554 1275 inde
569 1214 676 1294 nocet,
690 1213 828 1276 rusticus
843 1211 917 1275 inde
932 1211 1047 1294 plaeet.

299 1296 374 1380 Ipsa
388 1297 475 1380 parit
488 1317 632 1382 gemmas
646 1296 804 1379 pretiosos
820 1300 906 1360 terra
920 1295 1058 1380 lapillos

342 1381 418 1464 Ipsa
432 1380 488 1445 dat
502 1385 535 1445 et
548 1401 663 1463 uepres
678 1380 790 1462 spinea
803 1380 894 1465 ligna
908 1401 1006 1444 rosas,

298 1465 439 1530 Delicias
453 1469 637 1548 mortesque
651 1467 745 1547 parat
759 1486 846 1528 mare
861 1464 1012 1528 fluetibus
1027 1465 1139 1548 altum,

340 1549 385 1613 Et
400 1553 533 1635 generat
547 1548 655 1634 pelagi
671 1549 829 1614 conchula
845 1549 982 1612 diuitias.

249 1646 281 1695 75
296 1636 384 1699 Aera
397 1635 568 1718 temperies
583 1635 669 1698 auris
683 1633 836 1698 uitalibus
851 1635 942 1717 aptat

341 1717 430 1794 Quae
446 1721 597 1801 corrupta
613 1718 679 1782 dies
695 1718 792 1802 eripit
806 1721 902 1801 atque
917 1717 1050 1781 animas.

299 1805 425 1884 Aspera
439 1803 492 1866 uel
507 1802 611 1867 facilis
625 1801 744 1866 retinet
758 1805 874 1866 natura
887 1801 1050 1865 uolucres:

294 1952 300 1963 ,
340 1884 467 1948 Blanda
481 1885 630 1949 columba
646 1887 715 1949 auis
730 1889 789 1969 est,
804 1907 916 1969 aspera
930 1886 1041 1950 uultur
1056 1885 1135 1950 auis.

296 1967 447 2033 Nubibus
462 1968 602 2053 aggestis
616 1969 746 2052 pluuias
760 1971 818 2034 nix
833 1968 954 2054 grando
970 1969 1105 2053 pruinae

248 2065 282 2115 80
341 2051 538 2136 Gignuntur,
550 2052 675 2117 uicibus
689 2053 765 2138 igne
776 2076 896 2138 uapore
911 2053 996 2138 gelu.

183 2134 187 2146 '
298 2135 354 2204 Sol
371 2136 426 2202 dat
440 2137 621 2222 temperies,
637 2139 757 2221 speeies
773 2138 955 2222 gratissima
969 2138 1091 2221 mundi,

342 2221 466 2287 Cuncta
482 2223 619 2287 creanda
632 2244 749 2306 parans
766 2226 881 2287 cuneta
895 2224 1001 2286 ereata
1015 2221 1140 2306 fouens,

296 2306 359 2371 Per
374 2329 469 2390 quem
483 2307 566 2371 fetat
579 2307 696 2371 humus
710 2307 805 2372 flores
821 2310 853 2371 et
868 2307 980 2370 messis
995 2305 1123 2370 aristas:

341 2389 415 2455 Sole
430 2394 579 2475 perustus
595 2410 672 2476 ager
686 2392 790 2474 putris
804 2390 925 2456 harena
939 2391 1030 2454 iacet.

245 2487 279 2535 85
296 2473 440 2558 Corpora
455 2476 503 2540 sol
518 2475 622 2540 reficit
635 2475 733 2540 radiis
749 2481 781 2540 et
795 2497 930 2560 corpora
944 2479 1051 2557 uexat,

339 2557 468 2623 Sdlibus
483 2559 615 2624 alternis
630 2561 719 2643 itque
734 2559 879 2644 reditque
899 2560 994 2624 salus.

295 2640 413 2706 Omnia
426 2663 487 2706 nee
501 2644 586 2706 mala
602 2646 751 2712 suntnee
766 2649 842 2708 sunt
855 2644 942 2708 bona
956 2641 1060 2707 sidera
1075 2643 1173 2708 caeli:

336 2724 467 2788 Lucifer
480 2726 544 2789 hoe
559 2724 676 2808 docuit,
693 2726 794 2792 Sirius
808 2728 870 2792 hoe
885 2727 1023 2792 monuit.

296 2808 479 2892 Temperies
495 2809 575 2873 caeli
590 2809 730 2875 medium
744 2833 805 2876 nee
820 2812 962 2895 possidet
977 2812 1098 2894 orbem,

244 2905 279 2954 90
335 2890 421 2958 Nam
436 2893 474 2958 de
490 2894 634 2978 quinque
649 2896 754 2980 plagis
769 2896 825 2960 uix
839 2896 938 2960 habet
952 2896 1022 2979 ipsa
1037 2895 1125 2960 duas.

297 2975 390 3051 Quod
405 2978 527 3042 eaelum
539 2979 626 3062 quod
640 2983 726 3044 terra
741 2980 860 3044 fretum
876 2978 962 3063 quod
976 2981 1091 3062 purior
1102 3001 1158 3044 aer

298 3166 330 3216 62
348 3165 428 3216 sabos
446 3166 659 3216 conumeratus
719 3168 752 3217 63
771 3169 848 3219 tacito
866 3174 972 3218 auctore
989 3167 1094 3219 adhibet
1111 3166 1201 3219 Isido-

230 3249 275 3284 rus
292 3234 357 3299 erip.
374 3234 399 3286 V
417 3235 433 3283 9
501 3234 534 3282 67
552 3231 686 3284 medullas
698 3235 826 3284 Areualus
844 3234 952 3286 medela
971 3241 1015 3286 est
1031 3236 1184 3298 interpolati

265 3302 297 3351 69
319 3303 345 3350 in
368 3302 481 3366 marpine
503 3307 575 3352 notat
598 3300 671 3350 ferro
693 3317 780 3350 manus
801 3318 853 3353 ree.
923 3301 1094 3353 74coneu1a
1165 3305 1198 3353 79

229 3368 330 3432 pruina
352 3368 472 3420 sirmond
494 3375 519 3418 et
542 3370 678 3419 Areunlua.
700 3375 729 3418 at
752 3370 872 3432 conseras
894 3372 919 3420 d.
939 3372 988 3421 deo
1010 3371 1057 3420 16
1080 3369 1198 3433 pruinae

228 3437 387 3499 Azuprensis
448 3436 479 3484 81
499 3438 525 3485 iu
542 3438 655 3501 marpine
673 3443 745 3486 notat
762 3436 819 3487 sole
837 3452 924 3487 manus
941 3452 995 3487 rec.
1049 3438 1082 3487 88
1102 3436 1199 3501 Syrius

264 3501 297 3551 89
315 3503 341 3550 in
358 3504 470 3565 maraine
488 3509 560 3552 notat
578 3503 637 3552 celo
655 3518 742 3553 manus
759 3519 812 3553 ree.
