2610 3946
533 219 556 268 x
576 219 711 270 aes-ms
1039 264 1044 280 ,
1063 217 1104 284 73

203 369 254 446 Ac
268 369 506 431 nocturnorum
517 366 636 450 triplex
651 367 764 451 regina
780 367 930 451 polorum

203 453 312 534 Atque
327 451 534 516 tenebrarum
548 450 720 535 splendens
734 455 872 535 patrona
886 473 1046 537 mearum,

136 547 189 600 400
202 534 263 602 Oui
278 557 391 600 cancer
406 535 519 600 domus
534 541 579 601 eat
593 557 650 602 ora
665 536 841 601 clarissima
854 535 981 620 mundi,

203 619 343 684 Brachia
357 623 574 703 contorquens
589 620 691 686 stellis
707 641 789 704 quae
806 642 915 685 mense
929 639 1082 706 peragras

203 702 298 778 Quod
311 704 463 769 Phoebus
478 704 606 770 radians
620 707 690 770 toto
705 705 762 769 uix
777 705 915 789 explicat
931 727 1035 788 annu,

203 786 356 872 Corporis
371 791 405 853 et
419 787 582 854 dominam
597 811 695 854 uerax
710 811 806 872 quam
821 789 916 854 turba
930 789 1066 874 fatetur,

204 872 253 938 Tu
267 894 435 938 nemorum
450 876 556 938 custos
570 876 607 938 tu
622 895 708 938 mors
719 874 857 958 pinnata
870 873 1029 958 ferarum,

138 969 190 1020 405
203 955 306 1020 Ursus
322 977 434 1021 ceruus
450 979 527 1041 aper
540 957 716 1041 pantherae
732 957 860 1022 damma
873 958 983 1024 leones

201 1039 297 1106 Retia
311 1061 384 1106 cum
398 1043 537 1107 ueniunt
550 1047 606 1107 aut
621 1063 692 1112 cum
708 1043 869 1110 uenabula
882 1044 1014 1109 uibrant

201 1127 290 1190 Ante
304 1145 417 1190 necem
430 1131 487 1190 tua
501 1126 620 1211 praeda
634 1128 755 1193 iacent:
775 1131 808 1193 te
822 1129 938 1193 tertius
953 1127 1045 1193 heres

204 1209 400 1295 Participem
414 1211 508 1296 regni
523 1216 705 1276 consortem
720 1213 799 1276 iuris
814 1213 915 1276 amari

204 1293 339 1376 Optauit
353 1295 572 1378 mundumque
588 1294 675 1360 dedit
688 1296 750 1359 tibi
765 1295 849 1359 dona
863 1295 1053 1379 secundum,

136 1389 191 1439 410
201 1375 268 1442 Sub
283 1382 340 1444 tua
353 1379 506 1444 terribilis
520 1379 691 1464 rapiuntur
706 1383 832 1462 sceptra
844 1379 991 1463 tyranni,

202 1461 303 1526 Diues
317 1485 441 1548 pauper
455 1463 550 1547 inops
565 1468 676 1547 raptor
689 1464 796 1547 pirata
809 1463 957 1528 sacerdos

203 1546 391 1612 Adueniant
406 1548 465 1612 sub
480 1548 553 1632 lege
567 1549 653 1632 pari,
668 1570 736 1612 non
751 1552 836 1613 sorte
852 1549 912 1612 sub
926 1569 1006 1611 una:

203 1631 253 1695 Tu
268 1632 366 1714 punis
381 1635 457 1718 post
469 1632 538 1696 iata
551 1654 624 1696 reos
639 1635 673 1697 et
690 1633 814 1697 uiscera
830 1653 941 1716 saeu0,

201 1714 424 1800 Persephone,
441 1715 496 1781 das
511 1720 624 1782 nostra
638 1721 725 1801 cani,
744 1720 819 1801 post
832 1736 933 1800 regna
945 1715 1088 1780 barathri

135 1810 187 1860 415
202 1798 291 1874 Quae
306 1799 432 1864 uultum
447 1805 572 1866 mutare
587 1801 670 1866 soles
685 1803 794 1866 uisura
809 1800 1005 1865 Tonantem:

200 1883 253 1948 Da
267 1885 411 1968 ueniam,
427 1885 541 1950 Medea
555 1907 683 1970 precor,
698 1908 771 1951 cum
786 1885 875 1950 clade
890 1907 1022 1950 suorum

199 1965 277 2033 Non
292 1967 383 2033 decet
396 1969 445 2032 ira
461 1969 545 2035 deos.
576 1993 702 2035 mereor
722 1993 782 2055 pru
798 1971 931 2035 crimine
947 1990 1101 2054 poenam,

202 2051 248 2116 Te
263 2052 399 2118 feriente
413 2057 537 2138 tamem
553 2076 621 2120 non
635 2059 673 2119 ut
685 2054 851 2124 mendicus
864 2055 962 2119 Iason

201 2135 253 2202 Sit
266 2137 399 2220 uindex,
415 2139 542 2222 regina,
557 2142 648 2224 tuus,
664 2140 719 2222 qui
735 2139 879 2203 criminis
894 2140 1006 2202 auctor

135 2219 216 2284 4201
239 2242 273 2284 sc
287 2221 359 2286 fuit.
390 2223 540 2287 miseram
555 2223 642 2288 solus
657 2244 725 2287 non
739 2222 854 2306 puniat
868 2243 926 2286 oro

200 2243 263 2380 diri
278 2327 403 2370 mecum
417 2306 581 2372 feriendus
596 2312 675 2372 erat.
706 2307 895 2390 cuicumque
910 2305 1036 2370 iubebis

200 2387 292 2455 Colla
306 2412 384 2472 paro
400 2391 511 2456 feriat:
534 2395 661 2457 tantum
675 2413 717 2456 ne
731 2391 826 2476 uirgo
843 2389 992 2456 Creontis
1113 2399 1144 2450 [a
1160 2399 1195 2451 91]
1297 2393 1298 2396 ’

199 2471 381 2555 Discidium
395 2477 501 2558 pariat
514 2480 647 2540 nautam
663 2475 797 2540 ductura
810 2475 971 2540 maritum.

198 2556 325 2622 Exaudi
339 2558 510 2639 famulam,
528 2559 620 2626 dolor
634 2564 697 2644 est,
712 2581 781 2624 non
796 2559 882 2624 zelus
896 2557 1003 2624 Iason.

134 2652 186 2702 4ιὸ
200 2641 350 2726 Quinque
376 2643 458 2709 dabo
486 2644 618 2712 inferias
638 2683 681 2692 -
701 2649 752 2710 sat
771 2647 868 2709 erunt
888 2665 947 2727 pro
966 2643 1099 2708 crimine

845 2731 958 2793 nostro
974 2767 1015 2778 -

198 2808 354 2876 Inlustres
369 2813 507 2896 animas,
522 2814 652 2878 niueam
667 2835 740 2879 cum
754 2813 870 2879 Iasone
885 2812 1044 2896 Glaucen,

198 2891 359 2960 Mortibus
374 2897 542 2961 amborum
557 2918 667 2983 regem
682 2897 873 2981 superaddo
890 2895 1030 2961 Creonta

198 2977 243 3043 Et
257 2983 352 3044 natos
367 2981 548 3046 miseranda
563 2981 658 3066 duos,
673 3003 745 3047 mea
759 2981 911 3067 pignora,
927 2981 1063 3065 supplex

201 3236 253 3286 400
279 3235 373 3286 domus
401 3251 448 3288 ora
473 3238 537 3301 sort.
563 3239 634 3290 aliud
659 3239 777 3303 quiddam
804 3241 829 3287 in
856 3251 904 3288 ora
929 3232 1008 3286 uerbo
1037 3238 1101 3286 latet

131 3301 183 3352 401
210 3301 325 3368 stellisq
348 3313 448 3354 mense·
527 3307 577 3358 405
603 3310 721 3370 pantere
807 3305 856 3354 413
882 3303 916 3367 cf.
938 3303 1036 3354 Laeca
1058 3304 1102 3354 VI

133 3369 191 3418 699.
215 3373 265 3420 ⁷00
338 3372 389 3421 414
410 3372 518 3423 baratri
586 3375 636 3424 418
657 3371 798 3422 mendicus
820 3373 867 3421 uir
888 3387 985 3422 aarum.
1025 3387 1100 3422 men-

132 3435 219 3488 titus?
288 3439 339 3490 423
361 3443 442 3503 parat
508 3441 561 3492 425
583 3440 669 3492 dabos
691 3438 760 3491 dabo
778 3457 795 3505 γ
810 3435 816 3502 Ι
831 3440 904 3491 erint
971 3445 1022 3495 426
1041 3439 1100 3490 uni-

132 3516 193 3555 mae
209 3501 214 3569 Ι
230 3503 361 3556 Glaucam
