2610 3946
510 207 748 260 SATISFAGTIO

215 358 362 422 Deuorct
375 357 523 442 egregios
537 357 668 441 ingenti
678 379 716 422 oo
757 379 812 421 ore
826 361 945 442 tauros,

259 441 304 506 Et
317 442 450 524 rapiunt
463 441 591 524 aquilae
605 441 731 525 splendi
753 465 773 504 a
786 442 931 506 membre
944 442 1050 526 pedes.

216 525 283 591 Dat
297 525 396 590 semel
410 526 510 590 iratus
525 525 655 590 ueniam
670 528 745 610 post
758 525 894 590 uulnera
908 526 1026 610 pardus
1088 547 1091 556 ¹

258 609 328 675 Neo
344 609 476 674 reduces
492 631 617 674 morsus
632 611 688 674 dot
700 609 829 674 feritate
844 611 908 693 pie.

154 705 204 756 275
220 694 367 777 Despicit
380 694 474 758 irasci
493 694 676 776 pastoribus
691 695 814 777 optime
828 695 931 779 tigris,
1263 634 1274 774 i

260 776 407 862 Despicit
421 781 454 842 et
467 777 571 860 talpas
586 778 751 842 flammeus
766 799 821 843 ore
837 779 943 843 druco.
1272 772 1275 852 i

217 861 369 926 Fulmina
382 884 450 926 non
465 862 588 927 feriunt
601 863 763 945 reptantis
777 863 925 948 gramine
939 864 1033 927 terris

259 945 292 1010 N
293 967 329 1010 eo
343 946 485 1010 modicas
506 946 619 1010 salices
633 947 763 1010 flemme
776 947 909 1012 trisulca
923 951 1054 1030 cremet,

219 1021 281 1095 Sed
295 1029 417 1094 feriunt
431 1030 531 1095 celsos
544 1030 709 1114 pulsantes
723 1030 836 1096 nubila
849 1031 960 1096 cedros

154 1126 205 1176 280
261 1113 306 1178 Et
318 1117 445 1180 montes
459 1117 568 1179 uastos
583 1115 730 1198 proxime
744 1137 821 1180 sexa
833 1116 921 1198 polo.

219 1197 335 1263 Sontes
349 1203 519 1282 peccantes
534 1202 661 1262 tantum
677 1221 735 1263 sue
749 1200 844 1282 culpe
858 1200 990 1285 fatigat:

259 1281 343 1347 Eoos
358 1283 456 1347 etiam
469 1283 614 1347 insontes
629 1283 727 1347 noxis
741 1305 847 1366 poena
861 1285 951 1366 petit.

218 1365 253 1431 Si
276 1366 345 1450 ipse
370 1387 430 1451 ego
457 1367 604 1450 peccaui,
631 1388 790 1450 quaenam
811 1375 873 1449 est,
900 1387 997 1452 rogo,
1024 1366 1119 1449 culpe

862 1473 1006 1516 meorum

263 1532 350 1609 Quos
364 1534 460 1599 simul
475 1535 617 1618 exagitat
630 1533 734 1620 frigus
749 1535 908 1618 inopsque
922 1535 1048 1599 fames?

154 1629 205 1679 285
219 1617 353 1683 Diluuio
368 1619 492 1702 periere
507 1619 554 1682 rei
569 1620 638 1683 sine
654 1619 742 1683 clade
756 1620 894 1703 piorum,

261 1701 347 1766 Loth
361 1703 466 1767 bonus
481 1705 513 1766 et
528 1703 630 1766 iustus
646 1702 772 1767 tollitur
786 1725 825 1767 ex
841 1702 998 1768 Sodomis.
1063 1758 1070 1772 ,

219 1783 254 1850 Si
268 1807 337 1851 non
350 1786 627 1870 humenigeneris
641 1791 772 1870 peccota
786 1787 932 1870 fuissent,

260 1869 354 1935 Unde
368 1872 458 1954 pium
473 1892 593 1935 nomen
607 1875 717 1954 posset
730 1872 848 1936 habere
863 1872 963 1936 deus?

219 1952 283 2019 Sed
297 1956 373 2038 quie
388 1955 443 2019 det
458 1955 587 2019 ueniam
601 1956 732 2039 populis
745 1961 877 2038 peccata
891 1957 1046 2040 relexens,

154 2049 205 2099 200
262 2038 325 2103 Per
337 2039 468 2136 pietatis
484 2061 565 2122 opus
579 2061 699 2104 nomen
713 2040 811 2104 hebet
825 2040 995 2123 placidum.

220 2121 255 2186 Si
271 2145 399 2188 uemam
413 2123 514 2188 freter
527 2123 620 2187 frutri
635 2124 754 2188 donere
769 2124 906 2206 iubetur,

263 2205 347 2282 Quid
361 2229 417 2271 rex
432 2207 583 2272 subiectis
598 2211 630 2272 et
645 2207 794 2284 dominus
808 2206 961 2271 famulis?
982 2245 1006 2281 2

219 2289 254 2354 Si
269 2291 362 2356 iustis
377 2291 479 2356 solem
494 2291 643 2356 dominus
658 2292 848 2375 pluuiaeque
863 2290 1002 2356 dedisset

261 2373 294 2439 N
295 2397 330 2439 ec
346 2377 435 2439 daret
448 2377 586 2459 iniustis,
602 2397 683 2459 quae
699 2376 805 2440 fuerat
818 2375 947 2458 pietas?

155 2470 206 2519 295
220 2457 298 2523 Non
313 2460 438 2542 quaerit
452 2459 580 2524 ueniam
597 2461 652 2544 qui
667 2460 714 2523 nil
728 2480 875 2543 peccasse
890 2459 1054 2543 probetur,

132 2593 137 2603 x
261 2541 380 2608 Nonne
394 2565 510 2608 manus
525 2543 640 2608 medici
654 2543 809 2628 languida
823 2545 966 2608 membra
979 2541 1120 2628 petunt?

219 2625 386 2692 Meteriem
402 2628 504 2692 leudis
515 2629 648 2712 praebet
662 2629 722 2693 tibi
737 2629 832 2713 culpa
845 2649 974 2693 reorum

261 2710 307 2776 Et
321 2712 434 2776 titulos
449 2713 552 2776 famae
568 2712 627 2777 dat.
638 2713 769 2795 pietatis
785 2735 875 2796 opus.

220 2793 357 2860 Inclitus
373 2797 578 2880 armipotens,
594 2799 719 2860 uestrae
731 2797 861 2880 pietatis
877 2796 969 2880 origo

155 2889 207 2939 000
264 2879 309 2943 Et
324 2879 436 2944 doctus
452 2880 548 2964 genio
563 2881 698 2964 pronior
712 2881 753 2944 ad
767 2881 897 2944 ueniam

220 2961 318 3027 ‘Non
333 2963 457 3028 homini
473 2965 624 3049 ignosco'
641 2965 722 3030 dixit
737 2963 811 3028 ‘sed
824 2964 937 3050 lingue
948 2967 1122 3028 meretur’:

224 3217 273 3268 272
295 3218 446 3269 membride
464 3221 530 3268 unde
553 3217 668 3269 nebrida
690 3220 792 3269 uerbum
807 3233 917 3284 prorsus
940 3221 1049 3282 ipuotum
1067 3217 1124 3281 effi·

154 3283 241 3334 ciendi
255 3286 381 3336 licentium
391 3287 441 3337 cibi
451 3287 698 3351 sumpsitAreualus.
724 3285 869 3351 splendida
880 3287 1016 3350 proposuit
1029 3284 1123 3338 Buccis.

33 3397 34 3406 ,
155 3357 266 3401 ostentm
288 3359 365 3403 icium
386 3355 433 3404 doc
455 3353 633 3404 hemistichium
655 3355 786 3405 addidisse
808 3355 911 3403 uidetur
927 3369 991 3406 man.
1009 3368 1062 3402 rec.

33 3429 35 3446 '
154 3418 351 3472 citrunius
372 3437 441 3473 corr.
461 3422 590 3472 Areualus
611 3421 646 3485 cf.
666 3421 690 3472 V
708 3422 757 3472 312
837 3423 887 3472 300
907 3422 977 3470 inter
1000 3420 1080 3484 genio
1099 3425 1124 3470 et

155 3481 267 3552 pronior
284 3492 390 3554 mplius
406 3489 517 3554 spatium
