2576 3936
381 249 406 299 v
427 249 563 298 sor-sac
592 249 630 299 ur
654 249 736 298 1-24
1002 249 1043 313 21

164 397 245 482 Eup.
265 395 491 463 controuersia
505 397 633 462 statuae
646 399 712 464 uiri
725 399 822 465 fortis
836 417 929 483 quam
943 401 1029 468 dixit

240 487 276 551 in
290 485 487 568 Gargilianis
500 486 635 552 thermis
648 487 792 553 Blossius
806 489 941 555 Emilius

258 575 452 640 Dracontius
465 575 519 641 uir
533 573 730 642 clarissimus
743 579 777 642 ct
790 579 923 660 togatus

280 662 345 728 fori
358 663 559 746 proconsulis
573 663 674 730 almae
688 665 900 750 Karthaginis

317 751 402 834 apud
415 751 634 835 proconsulem
647 753 861 837 Pacidcgium.

383 989 438 1058 vr.
474 992 733 1075 Epithalamium.
1053 1015 1083 1068 c.
1097 1014 1131 1068 ts}

137 1109 274 1196 Egregii
289 1111 422 1176 iuuenes
437 1117 465 1177 et
478 1111 582 1198 gloria
596 1135 721 1178 summa
735 1117 915 1197 parentum,

138 1195 266 1260 Foedus
282 1195 452 1279 amicitiae,
468 1196 612 1261 solamen
626 1197 747 1282 grande
763 1198 927 1282 clientum,

138 1279 256 1344 Dulcia
271 1280 407 1344 cantatis
422 1279 498 1344 dum
512 1281 598 1345 uotis
614 1283 757 1346 carmina
771 1283 896 1365 uestris,

139 1363 310 1428 Facundos
325 1386 384 1429 uos
398 1365 476 1428 fecit
490 1387 589 1429 amor.
620 1364 732 1430 Uenus
747 1367 840 1448 alma,
855 1369 998 1449 potestas

102 1461 119 1509 5
135 1447 308 1532 Delphica,
324 1448 562 1532 flammipotens
577 1449 708 1514 inclusit
721 1450 843 1533 templa
858 1449 992 1534 Cupido.

139 1532 299 1616 Tempora
313 1533 377 1596 iam
391 1531 483 1599 lauro
499 1534 552 1598 uel
567 1537 673 1618 myrto
689 1535 810 1620 cingite
824 1534 950 1598 frontes

139 1616 185 1680 Et
199 1617 295 1681 uiolis
311 1624 423 1682 ornate
439 1639 556 1700 comas,
573 1618 650 1682 dent
664 1619 737 1684 alba
752 1641 888 1683 coronas

140 1701 225 1764 Lilia
238 1702 339 1765 mixta
353 1701 445 1786 rosis,
461 1702 582 1766 candor
595 1703 764 1786 pallorque
779 1703 941 1786 ruborque

141 1785 292 1850 Crinibus
307 1785 426 1850 insidat
442 1786 498 1870 qui
513 1791 628 1850 uernat
642 1787 677 1850 in
693 1809 747 1851 ore
762 1787 888 1870 puellis,

90 1883 125 1932 10
139 1869 288 1935 Floribus
303 1871 472 1934 ambrosiis
484 1893 499 1935 s
523 1871 647 1935 onsalia
661 1875 746 1938 serta
760 1872 912 1957 ligentur.

141 1953 245 2020 Saltet
259 1952 468 2037 Apollineum
518 1955 584 2019 usis
600 1956 804 2020 cantantibus
819 1977 946 2041 agmen,

141 2037 266 2102 Laurea
280 2042 365 2102 serta
380 2039 479 2104 comis
494 2040 641 2123 imponat
654 2041 791 2124 pulchra
804 2040 921 2123 Dione,
1030 2044 1042 2056 ‘

141 2122 290 2188 Pallados
304 2123 483 2190 armisonae
499 2125 620 2188 crinem
634 2126 765 2207 praecin
789 2128 823 2187 at
839 2123 925 2188 oliua

141 2209 242 2270 Arma
256 2206 340 2271 ferat
354 2206 468 2272 Martis
483 2209 599 2292 quibus
615 2212 647 2271 et
660 2145 831 2290 proludger'e
846 2174 949 2273 nostis

95 2303 127 2352 15
142 2289 187 2355 Et
199 2290 321 2355 bellum
334 2291 361 2355 si
375 2295 503 2375 tempus
519 2292 748 2376 eget-perferre
763 2292 887 2355 ualetis.

141 2375 281 2439 interius
297 2397 355 2440 uos
371 2375 465 2442 Musa
479 2375 591 2440 Uenus
607 2375 820 2459 Phoebusque
836 2374 960 2459 Oupido

141 2458 186 2524 1111
200 2459 349 2523 Bromius
363 2460 507 2544 possedit
520 2460 659 2544 Hymen,
674 2461 761 2524 Mars
776 2460 873 2525 saltat
887 2480 1011 2524 amores

141 2543 185 2608 Et
199 2541 360 2608 Uenerem
374 2545 501 2629 placare
517 2545 614 2628 cupit,
632 2546 682 2609 cni
697 2545 817 2610 militat
832 2544 937 2609 omnis

142 2625 303 2691 Marcidus
319 2631 351 2692 et
365 2628 460 2694 nudis
474 2628 558 2694 ludit
571 2634 647 2712 post
660 2651 749 2694 arma
763 2629 900 2712 lacertis,

92 2726 126 2773 20
140 2715 188 2775 Ac
202 2712 395 2778 furibundus
404 2715 507 2800 Amor
518 2712 655 2778 Ueneris
670 2737 728 2797 per
740 2718 843 2778 castra
853 2713 1042 2796 triumphat,

142 2795 180 2859 In
195 2796 346 2880 praedam
361 2819 478 2861 uenere
494 2797 545 2862 dei
560 2800 709 2864 uincente
724 2798 839 2862 Dione.

142 2879 229 2964 Ergo
247 2879 358 2945 Uenus
374 2884 405 2946 te
421 2882 515 2948 docta
530 2905 611 2949 uoco
626 2883 766 2948 facunda
779 2883 893 2965 perita,

142 2963 203 3029 Per
218 2986 330 3028 sensus
346 2969 377 3029 te
393 2965 492 3032 funde
508 2989 605 3033 mooe.
634 2973 691 3032 tua
705 2966 824 3052 gaudia
838 2966 977 3050 seruent,

142 3046 265 3132 Sponte
278 3049 390 3116 uenire
406 3051 505 3135 decet,
521 3074 589 3116 non
604 3056 635 3116 te
651 3053 742 3116 decet
756 3052 803 3115 ire
818 3053 975 3136 rogatam.

146 3205 171 3252 iu
193 3203 382 3268 subscriptione
402 3205 580 3269 Gurgulisuis
602 3208 636 3269 cs.
655 3209 761 3256 indicem
785 3205 790 3270 Ι
813 3219 907 3255 armas
926 3202 1046 3252 Kartha·

81 3269 153 3335 ginis
167 3269 172 3333 Ι
184 3271 250 3332 fort.
263 3271 424 3322 scribendum
441 3273 603 3323 Pacideium
657 3275 669 3322 1
689 3281 748 3323 ants
766 3288 865 3322 uersum
882 3272 1046 3334 corruptelae

79 3346 140 3390 nota
156 3341 322 3402 conspicitur.
345 3343 455 3404 spatium
473 3342 584 3391 relictum
602 3345 641 3391 est
709 3340 846 3391 tineusit
863 3353 931 3389 corr.
949 3337 1047 3390 Bucclt.

81 3421 112 3454 ou
133 3406 258 3456 inussit?
338 3409 370 3458 1³
393 3408 533 3458 emisenae
560 3411 663 3458 crimen
690 3407 853 3471 corruptelas
877 3415 940 3458 notu
961 3407 1049 3457 uersut

80 3476 199 3538 praefica
216 3479 256 3524 est
342 3477 375 3525 22
393 3475 463 3526 duco
487 3475 513 3541 (0
531 3477 556 3526 r'n
573 3473 677 3540 rasura)
696 3491 765 3528 corr.
784 3473 882 3529 Bucen.
951 3475 985 3525 24
1003 3489 1048 3524 ro-

83 3547 173 3604 gatum
191 3557 261 3592 corr.
281 3541 378 3594 Buecd.
