2576 3936
222 211 262 276 10
561 210 844 262 oournounnsm

122 434 157 482 {a
172 434 205 481 ιο]
220 415 257 480 V.
286 415 510 480 controuersia
524 412 562 478 de
576 415 687 478 statua
699 413 766 478 uiri
780 411 884 478 iortis.
913 413 971 478 Uir
984 411 1080 478 fortis
1094 416 1190 496 optet

219 504 393 586 praemium
408 502 491 585 quod
511 507 515 583 l
535 501 633 567 nolet.
662 518 784 584 pauper
801 502 834 565 at
853 499 943 566 diues
961 501 1093 567 inimici.
1122 502 1188 568 bel-

220 591 286 658 lum
308 591 425 657 incidit
447 592 587 657 ciuitati.
621 589 711 654 dines
733 589 864 654 fortiter
884 593 888 669 l
908 588 1000 655 iecit:
1034 607 1188 656 reuersus

219 681 354 763 praemii
367 681 490 747 nomine
504 681 645 744 statuam
658 679 755 761 petiit
769 679 804 742 et
818 679 943 742 meruit.
972 677 1108 744 secundo
1122 678 1188 744 ior-

219 769 300 834 titer
324 773 329 849 l
350 770 432 851 egit:
466 784 615 833 reuersus
635 767 732 849 petiit
757 766 891 849 praemii
912 766 1035 831 nomine
1058 766 1187 848 asylum

220 857 290 922 lieri
313 859 453 922 statuam
475 874 563 921 suam
582 858 616 921 et
635 861 640 935 l
659 855 784 920 meruit.
815 854 915 919 tertio
939 853 1071 919 fortiter
1091 855 1185 922 fecit:

219 962 368 1011 reuersus
390 945 487 1028 petiit
511 944 645 1027 praemii
666 944 789 1008 nomine
813 943 910 1025 capnt
930 947 934 1023 Ι
954 943 1103 1026 pauperis
1125 944 1185 1009 ini-

331 1034 414 1098 mici.
442 1050 564 1115 pauper
576 1030 618 1097 ad
631 1033 771 1097 statuam
787 1029 900 1095 diuitis
915 1031 1069 1114 confugit.

602 1119 809 1185 contradicit:

285 1273 363 1349 Quis
378 1276 470 1356 furor
484 1275 544 1338 iste
559 1273 687 1339 nouus?
710 1294 791 1356 quae
806 1275 898 1336 tanta
912 1272 1043 1337 licentia
1058 1272 1137 1336 ferri

204 1415 208 1426 .
283 1358 433 1424 Poscitur
447 1362 484 1424 ut
498 1359 562 1423 ciui
576 1359 672 1422 liceat
685 1361 888 1440 prosternere
904 1357 989 1420 ciues

281 1443 326 1507 lic
340 1444 465 1507 l'acinus
481 1444 539 1507 sub
554 1443 647 1506 laude
663 1445 754 1526 gerat
767 1441 952 1524 crimenque
967 1440 1170 1524 triumphum

283 1526 379 1591 Dicat
394 1530 426 1591 et
440 1526 574 1590 hostiles
589 1527 712 1610 patriae
726 1545 878 1590 reuocare
893 1525 1026 1610 sagittas

253 1625 269 1672 o
285 1610 382 1676 Ciuili
397 1612 456 1675 sub
471 1612 542 1696 lege
557 1611 653 1694 uelit,
669 1610 800 1674 uiduare
816 1610 946 1673 maritas

283 1694 464 1779 Matronas,
481 1698 594 1760 orbare
608 1699 731 1779 patres,
749 1694 1110 1779 iugularepropinquos

282 1779 447 1863 Reliquias
462 1780 564 1844 belli?
586 1780 688 1844 scelus
704 1783 753 1843 est
767 1801 840 1843 cum
855 1778 925 1861 lege
941 1799 1054 1841 necare

283 1863 346 1927 Pro
363 1865 478 1946 quibus
494 1885 583 1927 arma
596 1865 681 1928 tulit.
711 1863 798 1927 mitis
814 1863 841 1926 si
856 1863 999 1925 uinceret
1013 1861 1116 1926 hostis

283 1947 435 2012 Parceret
450 1952 546 2031 atque
561 1948 698 2011 humiles
713 1947 811 2011 uellet
825 1968 953 2010 seruare
969 1950 1124 2011 cateruas,

236 2045 267 2093 10
282 2031 351 2095 lam
365 2052 434 2095 non
448 2053 507 2115 pro
522 2032 627 2114 patria
641 2032 692 2095 uir
706 2032 800 2096 fortis
816 2031 902 2095 bella
917 2030 1048 2114 gerebat

282 2113 467 2181 Defendens
482 2117 622 2181 umbone
637 2117 721 2180 latus
736 2137 794 2199 per
807 2115 931 2199 proelia
945 2115 1057 2178 oristas

282 2198 369 2265 Dum
385 2205 531 2284 quateret
546 2202 690 2286 gale'atus
709 2223 790 2284 apex
806 2201 953 2281 aciesque
969 2201 1117 2263 cruentas

282 2285 425 2350 Letifero
440 2307 593 2350 mucrone
608 2307 766 2369 premens.
797 2285 855 2348 sub
871 2283 1012 2368 imagine
1027 2283 1107 2346 ciuis

282 2369 405 2452 Impius
421 2371 524 2434 hostis
540 2374 608 2433 erat
622 2370 736 2433 merito
743 2419 752 2452 ,
769 2368 825 2451 qui
839 2368 968 2432 uincere
982 2366 1082 2431 uellet

235 2466 266 2514 15
281 2452 328 2517 Ut
342 2454 428 2518 ciues
443 2454 605 2539 iugularet
620 2475 730 2517 ouans.
762 2455 870 2536 optate
885 2456 1055 2534 tyrannos,

282 2537 360 2621 Iam,
370 2559 528 2622 proceres,
538 2537 785 2601 uinoanthostes
793 2537 1027 2619 quibusaspera
1035 2557 1125 2598 mens
1133 2540 1186 2600 est

281 2620 314 2685 N
316 2642 352 2684 ee
372 2620 513 2684 studium
528 2625 602 2703 post
616 2621 701 2685 bella
715 2625 838 2684 manet:
860 2621 936 2684 dum
952 2618 1184 2684 classicorum-

695 2778 699 2782 .
926 2708 1024 2787 punt,

282 2789 439 2853 Hostibus
454 2789 593 2852 externis
608 2790 716 2873 grauis
731 2792 779 2852 est
793 2789 941 2853 inimicus
956 2789 991 2852 in
1006 2788 1116 2869 armis,

281 2873 361 2937 Post
376 2873 477 2937 aciem
492 2873 641 2937 dominus
656 2873 743 2937 mitis
759 2873 814 2956 qui
829 2873 932 2937 uincit
946 2872 1082 2936 habetur

233 2969 266 3018 ao
280 2959 350 3020 Aut
364 2979 403 3021 ex
417 2958 509 3021 hoste
524 2962 634 3021 manet
648 2958 782 3041 simplex
797 2979 834 3021 ac
848 2957 930 3020 fidus
945 2957 1080 3037 amicus,

282 3040 317 3107 Si
333 3041 454 3104 bellum
469 3043 528 3105 sub
543 3062 620 3123 paee
636 3042 736 3106 cadat.
766 3041 853 3124 quod
867 3041 971 3105 sentio
986 3041 1137 3123 prodam:

281 3126 351 3190 lam
367 3126 454 3189 ciues
468 3125 608 3190 formido
624 3126 703 3209 mei,
722 3147 781 3189 uos
797 3146 873 3209 ergo
890 3127 1010 3189 cauete.

286 3299 312 3344 in
330 3299 498 3361 inscriptione
517 3296 723 3346 controuerssia
738 3293 743 3359 Ι
758 3296 854 3346 inmici
872 3303 897 3346 et
913 3303 973 3361 pest
990 3295 1085 3345 nimici
1100 3292 1105 3357 Ι
1120 3309 1184 3358 pra·

219 3363 302 3412 mium
320 3370 345 3412 et
364 3368 470 3427 premia
493 3365 614 3429 deinceps
629 3359 634 3430 Ι
649 3365 683 3414 14
699 3378 790 3420 nonne
859 3366 891 3412 12
913 3368 978 3427 apte
997 3377 1065 3413 corr.
1083 3362 1184 3414 Bueok.

220 3431 252 3478 13
263 3431 409 3480 Laetiiero
462 3433 494 3480 15
512 3433 613 3483 orbans
661 3427 991 3483 16'uincatcorr.Buect.
1037 3430 1068 3478 18
1087 3431 1185 3493 grauis

218 3495 345 3547 inimicus
397 3500 430 3547 20
447 3500 526 3548 uenit
542 3501 679 3562 proposuit
691 3497 787 3548 Bueel.
838 3499 871 3547 22
890 3496 988 3546 cadelo
1003 3511 1071 3546 cerm
1085 3495 1184 3547 Bacch.
