2576 3936
516 231 675 281 vso-117
795 268 801 276 .
1038 231 1076 295 13

135 397 168 446 85
185 383 329 449 Crimina
342 382 536 463 temnentur‚
552 379 709 463 fortisque
724 380 759 444 in
773 402 912 464 paupere
929 381 1018 445 diues

179 467 264 543 Quid
278 467 373 531 timet
388 469 443 530 aut
458 468 547 547 optet
563 486 622 529 uos
637 465 744 528 saltim
759 465 915 529 aduertite
931 467 1033 530 ciues:

177 552 242 616 Res
258 555 307 615 est
321 549 412 614 nulla
426 549 511 612 domi
527 549 636 632 cupiat
650 570 746 631 quam
762 548 851 613 diues
866 571 996 633 auarus,

177 636 256 701 Non
271 657 384 699 aurum
398 655 466 697 non
480 653 607 718 gemma
621 634 759 715 micans,
775 638 807 698 et
821 634 924 716 turpis
938 639 1062 719 egestas

181 719 315 785 Obsedit
329 718 436 782 ieiuna
450 717 545 782 fores.
576 717 708 782 audacia
723 718 833 782 forsan

130 818 164 866 90
178 803 333 887 Pauperis
347 802 497 866 horretur
511 823 552 866 ne
568 801 649 865 elam
664 803 851 866 temerarius
867 806 977 867 exstet.

180 888 314 964 Quando
329 886 428 970 fugax
442 889 667 969 praesumptus
682 887 743 951 erit
758 887 809 950 uel
822 887 935 951 debilis
951 887 1077 952 audax?

179 972 264 1038 Nam
280 972 307 1035 si
322 971 416 1035 fortis
431 974 501 1034 erat
516 991 611 1034 saeua
624 971 744 1034 uirtute
760 972 924 1054 superbus,

178 1057 336 1134 Praemia,
350 1077 419 1120 non
433 1055 562 1119 ueniam
577 1058 700 1139 peteret
714 1056 773 1119 sub
788 1057 882 1120 hoste
897 1078 1034 1120 reorum.

168 1139 272 1216 uuod
286 1140 370 1204 nihil
385 1139 515 1204 admisit
529 1139 651 1204 crimen
666 1140 720 1204 dat
734 1161 835 1223 praua
849 1141 999 1206 uoluntas

129 1239 162 1286 95
177 1225 299 1289 Diuitis
313 1225 445 1288 insonti.
475 1223 566 1288 furor
581 1227 629 1287 est
643 1224 783 1288 uoluisse
798 1247 912 1289 necare

178 1311 243 1374 Pro
256 1309 372 1392 quibus
387 1330 476 1372 arma
486 1308 570 1372 tulit.
595 1308 671 1390 quid
685 1311 816 1391 prodest
825 1309 944 1392 pellere
957 1310 1078 1373 bellum

180 1393 214 1458 Si
228 1398 359 1458 reuocat
373 1396 447 1476 post
464 1392 547 1456 bella
560 1391 676 1456 neces?
699 1396 755 1456 aut
768 1399 863 1476 pasta
877 1392 1017 1456 nefanda

180 1478 336 1542 Hostibus
352 1477 523 1541 obstrietus
538 1481 645 1541 seruat
660 1477 715 1561 qui
730 1477 853 1540 ciuibus
868 1478 969 1542 instat

181 1561 227 1626 Ut
241 1565 384 1645 pereant,
400 1565 456 1626 aut
470 1561 539 1645 ipse
555 1561 644 1645 eupit
658 1561 761 1646 magis
777 1583 844 1626 esse
859 1567 1014 1645 tyrannus

119 1659 168 1708 100
183 1645 315 1711 Oiuibus
330 1645 479 1710 extinctis
495 1645 626 1709 eredens
642 1668 700 1710 sua
714 1652 791 1710 uota
805 1646 914 1712 latere.

181 1729 215 1794 Si
230 1731 355 1814 iugulet
368 1731 501 1794 miseros
516 1729 636 1794 iniusta
649 1733 752 1794 morte
767 1730 911 1795 necando

181 1813 352 1899 Suspectus
368 1836 576 1898 quoscunque
591 1817 700 1896 putat,
715 1814 799 1878 nihil
814 1835 891 1899 ergo
904 1816 1078 1898 relinquet:

181 1899 298 1964 Omnia
312 1905 388 1962 sunt
403 1904 558 1982 suspecta.
589 1921 660 1964 reos
674 1900 701 1963 si
715 1900 858 1964 moribus
874 1904 969 1964 esset·

179 1983 239 2047 llle
253 1984 357 2048 bonus
364 2033 373 2066 ,
389 2005 515 2047 seruare
530 1983 602 2066 pios
617 2005 744 2048 seruare
759 1984 920 2048 modestos

119 2079 166 2129 101
181 2067 344 2132 Debuerat
359 2069 417 2131 sub
432 2089 509 2150 paee
525 2089 597 2150 sua,
612 2091 680 2132 non
695 2069 778 2132 eolla
793 2069 953 2132 nefandus

145 2208 149 2212 .
180 2152 249 2216 Aut
262 2153 467 2216 inimieorum
481 2151 591 2216 mallet
604 2152 724 2216 fudisse
740 2173 900 2234 eruorem,

182 2235 325 2311 Quorum
340 2239 440 2300 uerba
453 2259 576 2320 pauens
591 2237 680 2302 diues
695 2236 828 2299 uixisset
842 2236 986 2300 honeste.

183 2319 236 2384 sie
250 2321 377 2404 sapiens
394 2321 471 2384 olim
483 2320 630 2389 Romana
643 2320 790 2404 potentia
803 2321 897 2384 iussit

181 2403 213 2469 N
215 2427 232 2468 e
246 2409 357 2488 pereat
372 2404 534 2490 Carthago
548 2427 670 2469 noeens
685 2405 816 2468 inimica
831 2407 960 2468 senatus

120 2501 170 2549 110
184 2489 228 2553 Et
241 2489 354 2574 populi
368 2491 566 2573 Aeneadum,
583 2493 687 2554 cotem
702 2489 830 2553 uirtutis
845 2488 1034 2552 habendam.
1093 2501 1124 2549 [r.
1138 2503 1172 2550 141

182 2572 245 2638 Sed
259 2595 299 2637 ne
315 2573 507 2658 Troiugenis
522 2595 580 2657 per
594 2577 740 2656 tempora
754 2574 848 2658 pigra
862 2573 989 2637 lacertis

182 2657 359 2741 Torporem
373 2680 437 2740 pax
451 2658 551 2743 longa
565 2658 669 2741 daret,
690 2662 765 2741 post
779 2659 865 2723 uicta
879 2658 1006 2722 rebellis

181 2741 225 2807 nt
240 2747 431 2826 consumpta
445 2743 541 2806 simul
556 2743 655 2807 iacuit
669 2747 821 2824 congesta
835 2744 944 2806 ruinis.

181 2827 225 2890 nt
238 2831 348 2890 tamen
360 2827 438 2891 haee
449 2831 605 2892 renouata
616 2828 713 2892 micat
720 2829 835 2911 quibus
848 2827 965 2892 oceidit
974 2833 1079 2890 armis.

120 2922 169 2971 115
183 2910 272 2975 Haeo
287 2911 387 2995 igitur
401 2911 541 2976 recidiua
556 2913 647 2996 uiget
660 2916 736 2996 post
750 2913 844 2975 busta
858 2931 1027 2996 resurgens

182 2995 354 3060 Phoenicis
369 2997 404 3059 in
419 3017 550 3060 morem.
578 2997 680 3060 uirtus
696 2996 866 3060 elementia
880 3000 1016 3080 patrum.

182 3078 231 3142 Tu
246 3081 337 3144 testis
353 3079 515 3165 Carthago
531 3102 640 3144 manes
655 3081 760 3144 inuita
775 3080 959 3164 nolensque.

186 3319 219 3368 86
237 3319 337 3368 saltria
406 3321 439 3368 89
459 3319 572 3368 aridatia
640 3322 674 3368 91
692 3319 765 3380 Quid
781 3323 784 3374 l
800 3333 884 3382 parua
902 3333 970 3367 corr.
983 3317 1080 3372 Bueed.

119 3387 152 3435 97
172 3385 249 3436 Scire
268 3390 353 3436 uocat
424 3389 472 3436 100
491 3386 604 3436 extintis
675 3389 722 3435 101
742 3383 881 3436 necandos
899 3401 967 3436 eurr.
985 3386 1080 3436 Buect.

121 3453 170 3502 103
188 3467 251 3503 reos
269 3451 297 3502 ni
315 3455 448 3504 mortibus
466 3470 534 3504 corr.
554 3453 651 3503 Bneet.
731 3455 779 3504 104
802 3453 888 3505 bonos
905 3470 974 3506 corr.
986 3453 1081 3504 Bueet.

121 3520 169 3570 107
187 3520 322 3572 honestae
393 3524 441 3572 109
461 3523 518 3572 Nee
533 3518 538 3586 Ι
554 3519 692 3585 Chartago
