<?xml version="1.0" encoding="UTF-8"?>
<!DOCTYPE html PUBLIC "-//W3C//DTD XHTML 1.0 Transitional//EN"
    "http://www.w3.org/TR/xhtml1/DTD/xhtml1-transitional.dtd">
<html xmlns="http://www.w3.org/1999/xhtml" xml:lang="en" lang="en">
 <head>
  <title>
</title>
<meta http-equiv="Content-Type" content="text/html;charset=utf-8" />
  <meta name='ocr-system' content='tesseract 3.04.00' />
  <meta name='ocr-capabilities' content='ocr_page ocr_carea ocr_par ocr_line ocrx_word'/>
</head>
<body>
  <div class='ocr_page' id='page_1' title='image "./dracontiicarmin00dracgoog/dracontiicarmin00dracgoog_0043.png"; bbox 0 0 2576 3936; ppageno 0'>
   <div class='ocr_carea' id='block_1_1' title="bbox 159 247 792 321">
    <p class='ocr_par' dir='ltr' id='par_1_1' title="bbox 159 247 792 321">
     <span class='ocr_line' id='line_1_1' title="bbox 159 247 792 321; baseline -0.008 -10"><span class='ocrx_word' id='word_1_1' title='bbox 159 257 202 321; x_wconf 88' lang='lat'><strong>30</strong></span> <span class='ocrx_word' id='word_1_2' title='bbox 501 247 792 308; x_wconf 74' lang='lat' dir='ltr'><strong>arrraanrrssun</strong></span> 
     </span>
    </p>
   </div>
   <div class='ocr_carea' id='block_1_2' title="bbox 160 405 1121 1156">
    <p class='ocr_par' dir='ltr' id='par_1_2' title="bbox 160 405 1121 1156">
     <span class='ocr_line' id='line_1_2' title="bbox 223 405 1108 490; baseline 0.002 -20"><span class='ocrx_word' id='word_1_3' title='bbox 223 411 268 471; x_wconf 90' lang='lat' dir='ltr'><strong>At</strong></span> <span class='ocrx_word' id='word_1_4' title='bbox 282 407 414 471; x_wconf 87' lang='lat' dir='ltr'><strong>uoluoer</strong></span> <span class='ocrx_word' id='word_1_5' title='bbox 427 405 563 471; x_wconf 86' lang='lat' dir='ltr'><strong>Ueneris</strong></span> <span class='ocrx_word' id='word_1_6' title='bbox 579 405 718 470; x_wconf 84' lang='lat' dir='ltr'><strong>uolitans</strong></span> <span class='ocrx_word' id='word_1_7' title='bbox 733 427 829 489; x_wconf 89' lang='lat' dir='ltr'><strong>super</strong></span> <span class='ocrx_word' id='word_1_8' title='bbox 843 427 983 490; x_wconf 88' lang='lat' dir='ltr'><strong>aequora</strong></span> <span class='ocrx_word' id='word_1_9' title='bbox 998 407 1108 490; x_wconf 89' lang='lat' dir='ltr'><strong>pinnis</strong></span> 
     </span>
     <span class='ocr_line' id='line_1_3' title="bbox 160 489 1118 589; baseline 0.002 -35"><span class='ocrx_word' id='word_1_10' title='bbox 160 505 208 554; x_wconf 77' lang='lat'><strong>155</strong></span> <span class='ocrx_word' id='word_1_11' title='bbox 223 492 292 556; x_wconf 87' lang='lat' dir='ltr'><strong>Iam</strong></span> <span class='ocrx_word' id='word_1_12' title='bbox 307 513 461 576; x_wconf 84' lang='lat' dir='ltr'><strong>spargens</strong></span> <span class='ocrx_word' id='word_1_13' title='bbox 472 492 530 556; x_wconf 90' lang='lat' dir='ltr'><strong>sub</strong></span> <span class='ocrx_word' id='word_1_14' title='bbox 545 489 657 553; x_wconf 87' lang='lat' dir='ltr'><strong>fraude</strong></span> <span class='ocrx_word' id='word_1_15' title='bbox 666 511 754 554; x_wconf 90' lang='lat' dir='ltr'><strong>rosas</strong></span> <span class='ocrx_word' id='word_1_16' title='bbox 768 494 878 554; x_wconf 84' lang='lat' dir='ltr'><strong>tamen</strong></span> <span class='ocrx_word' id='word_1_17' title='bbox 892 493 967 574; x_wconf 85' lang='lat' dir='ltr'><strong>igne</strong></span> <span class='ocrx_word' id='word_1_18' title='bbox 982 492 1118 589; x_wconf 76' lang='lat' dir='ltr'><strong>sagittas</strong></span> 
     </span>
     <span class='ocr_line' id='line_1_4' title="bbox 223 574 1034 660; baseline 0 -21"><span class='ocrx_word' id='word_1_19' title='bbox 223 575 356 640; x_wconf 88' lang='lat' dir='ltr'><strong>Mandat</strong></span> <span class='ocrx_word' id='word_1_20' title='bbox 370 576 410 640; x_wconf 89' lang='lat' dir='ltr'><strong>ad</strong></span> <span class='ocrx_word' id='word_1_21' title='bbox 424 595 599 660; x_wconf 85' lang='lat' dir='ltr'><strong>aequoreos</strong></span> <span class='ocrx_word' id='word_1_22' title='bbox 615 574 747 638; x_wconf 84' lang='lat' dir='ltr'><strong>comites</strong></span> <span class='ocrx_word' id='word_1_23' title='bbox 763 578 795 639; x_wconf 91' lang='lat' dir='ltr'><strong>et</strong></span> <span class='ocrx_word' id='word_1_24' title='bbox 809 574 927 660; x_wconf 83' lang='lat' dir='ltr'><strong>frigida</strong></span> <span class='ocrx_word' id='word_1_25' title='bbox 941 579 1034 658; x_wconf 81' lang='lat' dir='ltr'><strong>ponti</strong></span> 
     </span>
     <span class='ocr_line' id='line_1_5' title="bbox 223 659 1121 744; baseline 0.001 -20"><span class='ocrx_word' id='word_1_26' title='bbox 223 662 375 744; x_wconf 78' lang='lat' dir='ltr'><strong>Aequora</strong></span> <span class='ocrx_word' id='word_1_27' title='bbox 386 660 529 724; x_wconf 87' lang='lat' dir='ltr'><strong>flammat</strong></span> <span class='ocrx_word' id='word_1_28' title='bbox 540 663 642 741; x_wconf 81' lang='lat' dir='ltr'><strong>atrox,</strong></span> <span class='ocrx_word' id='word_1_29' title='bbox 650 660 808 723; x_wconf 87' lang='lat' dir='ltr'><strong>elementa</strong></span> <span class='ocrx_word' id='word_1_30' title='bbox 818 663 855 723; x_wconf 88' lang='lat' dir='ltr'><strong>ut</strong></span> <span class='ocrx_word' id='word_1_31' title='bbox 865 663 943 724; x_wconf 87' lang='lat' dir='ltr'><strong>uota</strong></span> <span class='ocrx_word' id='word_1_32' title='bbox 949 659 1121 725; x_wconf 85' lang='lat' dir='ltr'><strong>eelebrent.</strong></span> 
     </span>
     <span class='ocr_line' id='line_1_6' title="bbox 222 743 1086 828; baseline 0 -20"><span class='ocrx_word' id='word_1_33' title='bbox 222 744 311 808; x_wconf 87' lang='lat' dir='ltr'><strong>Haeo</strong></span> <span class='ocrx_word' id='word_1_34' title='bbox 326 745 442 809; x_wconf 81' lang='lat' dir='ltr'><strong>dixisse</strong></span> <span class='ocrx_word' id='word_1_35' title='bbox 458 749 507 808; x_wconf 89' lang='lat' dir='ltr'><strong>sat</strong></span> <span class='ocrx_word' id='word_1_36' title='bbox 522 749 585 808; x_wconf 86' lang='lat' dir='ltr'><strong>est:</strong></span> <span class='ocrx_word' id='word_1_37' title='bbox 601 745 655 806; x_wconf 87' lang='lat' dir='ltr'><strong>sed</strong></span> <span class='ocrx_word' id='word_1_38' title='bbox 670 744 725 826; x_wconf 92' lang='lat' dir='ltr'><strong>qui</strong></span> <span class='ocrx_word' id='word_1_39' title='bbox 741 743 835 808; x_wconf 92' lang='lat' dir='ltr'><strong>modo</strong></span> <span class='ocrx_word' id='word_1_40' title='bbox 851 744 919 806; x_wconf 91' lang='lat' dir='ltr'><strong>iure</strong></span> <span class='ocrx_word' id='word_1_41' title='bbox 934 747 1086 828; x_wconf 78' lang='lat' dir='ltr'><strong>tacemus,</strong></span> 
     </span>
     <span class='ocr_line' id='line_1_7' title="bbox 224 827 1036 911; baseline -0.004 -18"><span class='ocrx_word' id='word_1_42' title='bbox 224 828 342 894; x_wconf 89' lang='lat' dir='ltr'><strong>Omnia</strong></span> <span class='ocrx_word' id='word_1_43' title='bbox 355 829 523 893; x_wconf 82' lang='lat' dir='ltr'><strong>reddemus</strong></span> <span class='ocrx_word' id='word_1_44' title='bbox 538 827 731 911; x_wconf 82' lang='lat' dir='ltr'><strong>quandoque</strong></span> <span class='ocrx_word' id='word_1_45' title='bbox 745 828 918 911; x_wconf 71' lang='lat' dir='ltr'><strong>nepotibus</strong></span> <span class='ocrx_word' id='word_1_46' title='bbox 932 828 1036 892; x_wconf 87' lang='lat' dir='ltr'><strong>almis.</strong></span> 
     </span>
     <span class='ocr_line' id='line_1_8' title="bbox 503 913 846 997; baseline -0.003 -17"><span class='ocrx_word' id='word_1_47' title='bbox 503 915 583 997; x_wconf 84' lang='lat' dir='ltr'><strong>lep.</strong></span> <span class='ocrx_word' id='word_1_48' title='bbox 597 913 846 997; x_wconf 79' lang='lat' dir='ltr'><strong>Epithalamium</strong></span> 
     </span>
     <span class='ocr_line' id='line_1_9' title="bbox 581 1002 762 1068; baseline -0.006 0"><span class='ocrx_word' id='word_1_49' title='bbox 581 1002 710 1068; x_wconf 83' lang='lat' dir='ltr'><strong>IoannIs</strong></span> <span class='ocrx_word' id='word_1_50' title='bbox 729 1003 762 1067; x_wconf 87' lang='lat' dir='ltr'><strong>et</strong></span> 
     </span>
     <span class='ocr_line' id='line_1_10' title="bbox 603 1090 741 1156; baseline 0.007 -1"><span class='ocrx_word' id='word_1_51' title='bbox 603 1090 741 1156; x_wconf 83' lang='lat' dir='ltr'><strong>Uitulaa.</strong></span> 
     </span>
    </p>
   </div>
   <div class='ocr_carea' id='block_1_3' title="bbox 72 1345 1024 1430">
    <p class='ocr_par' dir='ltr' id='par_1_3' title="bbox 72 1345 1024 1430">
     <span class='ocr_line' id='line_1_11' title="bbox 72 1345 1024 1430; baseline -0.003 -15"><span class='ocrx_word' id='word_1_52' title='bbox 72 1363 148 1418; x_wconf 57' lang='lat' dir='ltr'><strong>[unu</strong></span> <span class='ocrx_word' id='word_1_53' title='bbox 326 1345 413 1414; x_wconf 88' lang='lat' dir='ltr'>VIII.</span> <span class='ocrx_word' id='word_1_54' title='bbox 446 1348 612 1414; x_wconf 85' lang='lat' dir='ltr'><strong>Draoontii</strong></span> <span class='ocrx_word' id='word_1_55' title='bbox 626 1365 704 1430; x_wconf 89' lang='lat' dir='ltr'><strong>opus</strong></span> <span class='ocrx_word' id='word_1_56' title='bbox 718 1347 756 1412; x_wconf 87' lang='lat' dir='ltr'><strong>da</strong></span> <span class='ocrx_word' id='word_1_57' title='bbox 769 1349 867 1429; x_wconf 81' lang='lat' dir='ltr'><strong>raptu</strong></span> <span class='ocrx_word' id='word_1_58' title='bbox 880 1347 1024 1413; x_wconf 87' lang='lat' dir='ltr'><strong>Helenae.</strong></span> 
     </span>
    </p>
   </div>
   <div class='ocr_carea' id='block_1_4' title="bbox 195 1499 1054 2008">
    <p class='ocr_par' dir='ltr' id='par_1_4' title="bbox 223 1499 1053 1840">
     <span class='ocr_line' id='line_1_12' title="bbox 223 1499 1001 1586; baseline -0.001 -22"><span class='ocrx_word' id='word_1_59' title='bbox 223 1500 357 1566; x_wconf 82' lang='lat' dir='ltr'><strong>Troiani</strong></span> <span class='ocrx_word' id='word_1_60' title='bbox 371 1502 542 1586; x_wconf 90' lang='lat' dir='ltr'><strong>praedonis</strong></span> <span class='ocrx_word' id='word_1_61' title='bbox 557 1502 618 1565; x_wconf 89' lang='lat' dir='ltr'><strong>iter</strong></span> <span class='ocrx_word' id='word_1_62' title='bbox 631 1506 822 1584; x_wconf 84' lang='lat' dir='ltr'><strong>raptumque</strong></span> <span class='ocrx_word' id='word_1_63' title='bbox 836 1499 1001 1564; x_wconf 85' lang='lat' dir='ltr'><strong>Lacaenae</strong></span> 
     </span>
     <span class='ocr_line' id='line_1_13' title="bbox 223 1585 887 1669; baseline -0.003 -19"><span class='ocrx_word' id='word_1_64' title='bbox 223 1585 268 1650; x_wconf 82' lang='lat' dir='ltr'><strong>Et</strong></span> <span class='ocrx_word' id='word_1_65' title='bbox 281 1587 442 1669; x_wconf 84' lang='lat' dir='ltr'><strong>pastorale</strong></span> <span class='ocrx_word' id='word_1_66' title='bbox 456 1585 602 1650; x_wconf 84' lang='lat' dir='ltr'><strong>scelerati</strong></span> <span class='ocrx_word' id='word_1_67' title='bbox 617 1585 756 1669; x_wconf 83' lang='lat' dir='ltr'><strong>pectoris</strong></span> <span class='ocrx_word' id='word_1_68' title='bbox 772 1607 887 1648; x_wconf 90' lang='lat' dir='ltr'><strong>ausum</strong></span> 
     </span>
     <span class='ocr_line' id='line_1_14' title="bbox 223 1669 1053 1756; baseline -0.001 -22"><span class='ocrx_word' id='word_1_69' title='bbox 223 1671 404 1756; x_wconf 78' lang='lat' dir='ltr'><strong>Aggredior</strong></span> <span class='ocrx_word' id='word_1_70' title='bbox 417 1671 549 1735; x_wconf 89' lang='lat' dir='ltr'><strong>meliore</strong></span> <span class='ocrx_word' id='word_1_71' title='bbox 565 1671 627 1733; x_wconf 91' lang='lat' dir='ltr'><strong>uia.</strong></span> <span class='ocrx_word' id='word_1_72' title='bbox 657 1691 733 1733; x_wconf 89' lang='lat' dir='ltr'><strong>nam</strong></span> <span class='ocrx_word' id='word_1_73' title='bbox 747 1669 911 1752; x_wconf 85' lang='lat' dir='ltr'><strong>prodimus</strong></span> <span class='ocrx_word' id='word_1_74' title='bbox 926 1669 1053 1733; x_wconf 87' lang='lat' dir='ltr'><strong>hostem</strong></span> 
     </span>
     <span class='ocr_line' id='line_1_15' title="bbox 223 1754 1000 1840; baseline -0.004 -20"><span class='ocrx_word' id='word_1_75' title='bbox 223 1755 369 1840; x_wconf 89' lang='lat' dir='ltr'><strong>Hospitis</strong></span> <span class='ocrx_word' id='word_1_76' title='bbox 386 1761 418 1822; x_wconf 89' lang='lat' dir='ltr'><strong>et</strong></span> <span class='ocrx_word' id='word_1_77' title='bbox 431 1755 566 1819; x_wconf 84' lang='lat' dir='ltr'><strong>thalami</strong></span> <span class='ocrx_word' id='word_1_78' title='bbox 581 1755 791 1838; x_wconf 84' lang='lat' dir='ltr'><strong>populantem</strong></span> <span class='ocrx_word' id='word_1_79' title='bbox 806 1754 877 1816; x_wconf 89' lang='lat' dir='ltr'><strong>iura</strong></span> <span class='ocrx_word' id='word_1_80' title='bbox 891 1754 1000 1817; x_wconf 88' lang='lat' dir='ltr'><strong>mariti</strong></span> 
     </span>
    </p>

    <p class='ocr_par' dir='ltr' id='par_1_5' title="bbox 195 1837 1054 2008">
     <span class='ocr_line' id='line_1_16' title="bbox 195 1837 981 1923; baseline 0 -23"><span class='ocrx_word' id='word_1_81' title='bbox 195 1853 210 1900; x_wconf 81' lang='lat' dir='ltr'><strong>o</strong></span> <span class='ocrx_word' id='word_1_82' title='bbox 226 1840 369 1904; x_wconf 85' lang='lat' dir='ltr'><strong>Foedera</strong></span> <span class='ocrx_word' id='word_1_83' title='bbox 383 1840 526 1923; x_wconf 79' lang='lat' dir='ltr'><strong>coniugii</strong></span> <span class='ocrx_word' id='word_1_84' title='bbox 542 1839 704 1903; x_wconf 81' lang='lat' dir='ltr'><strong>consortia</strong></span> <span class='ocrx_word' id='word_1_85' title='bbox 718 1838 835 1902; x_wconf 89' lang='lat' dir='ltr'><strong>blanda</strong></span> <span class='ocrx_word' id='word_1_86' title='bbox 849 1837 981 1920; x_wconf 89' lang='lat' dir='ltr'><strong>pudoris</strong></span> 
     </span>
     <span class='ocr_line' id='line_1_17' title="bbox 224 1921 1054 2008; baseline -0.004 -20"><span class='ocrx_word' id='word_1_87' title='bbox 224 1923 392 1988; x_wconf 86' lang='lat' dir='ltr'><strong>Materiam</strong></span> <span class='ocrx_word' id='word_1_88' title='bbox 406 1924 533 2008; x_wconf 80' lang='lat' dir='ltr'><strong>generis</strong></span> <span class='ocrx_word' id='word_1_89' title='bbox 549 1922 668 1986; x_wconf 86' lang='lat' dir='ltr'><strong>sobolis</strong></span> <span class='ocrx_word' id='word_1_90' title='bbox 684 1944 772 2006; x_wconf 89' lang='lat' dir='ltr'><strong>spem</strong></span> <span class='ocrx_word' id='word_1_91' title='bbox 787 1923 924 2006; x_wconf 85' lang='lat' dir='ltr'><strong>pignora</strong></span> <span class='ocrx_word' id='word_1_92' title='bbox 937 1921 1054 2005; x_wconf 87' lang='lat' dir='ltr'><strong>prolis:</strong></span> 
     </span>
    </p>
   </div>
   <div class='ocr_carea' id='block_1_5' title="bbox 59 2007 1126 2935">
    <p class='ocr_par' dir='ltr' id='par_1_6' title="bbox 223 2007 1126 2260">
     <span class='ocr_line' id='line_1_18' title="bbox 223 2007 1029 2090; baseline -0.005 -18"><span class='ocrx_word' id='word_1_93' title='bbox 223 2007 256 2073; x_wconf 93' lang='lat' dir='ltr'>N</span> <span class='ocrx_word' id='word_1_94' title='bbox 258 2030 310 2072; x_wconf 89' lang='lat' dir='ltr'><strong>am</strong></span> <span class='ocrx_word' id='word_1_95' title='bbox 325 2011 431 2072; x_wconf 89' lang='lat' dir='ltr'><strong>totum</strong></span> <span class='ocrx_word' id='word_1_96' title='bbox 446 2007 484 2071; x_wconf 89' lang='lat' dir='ltr'><strong>de</strong></span> <span class='ocrx_word' id='word_1_97' title='bbox 499 2011 601 2071; x_wconf 86' lang='lat' dir='ltr'><strong>matre</strong></span> <span class='ocrx_word' id='word_1_98' title='bbox 616 2007 716 2090; x_wconf 82' lang='lat' dir='ltr'><strong>uenit,</strong></span> <span class='ocrx_word' id='word_1_99' title='bbox 732 2007 770 2071; x_wconf 88' lang='lat' dir='ltr'><strong>de</strong></span> <span class='ocrx_word' id='word_1_100' title='bbox 785 2011 887 2071; x_wconf 89' lang='lat' dir='ltr'><strong>matre</strong></span> <span class='ocrx_word' id='word_1_101' title='bbox 903 2009 1029 2070; x_wconf 81' lang='lat' dir='ltr'><strong>creatur</strong></span> 
     </span>
     <span class='ocr_line' id='line_1_19' title="bbox 225 2091 1126 2175; baseline -0.003 -18"><span class='ocrx_word' id='word_1_102' title='bbox 225 2091 296 2168; x_wconf 82' lang='lat' dir='ltr'><strong>Quo</strong></span> <span class='ocrx_word' id='word_1_103' title='bbox 311 2093 508 2156; x_wconf 89' lang='lat' dir='ltr'><strong>membratur</strong></span> <span class='ocrx_word' id='word_1_104' title='bbox 522 2094 630 2174; x_wconf 85' lang='lat' dir='ltr'><strong>homo,</strong></span> <span class='ocrx_word' id='word_1_105' title='bbox 641 2094 790 2175; x_wconf 87' lang='lat' dir='ltr'><strong>paterest</strong></span> <span class='ocrx_word' id='word_1_106' title='bbox 803 2091 878 2155; x_wconf 90' lang='lat' dir='ltr'><strong>fons</strong></span> <span class='ocrx_word' id='word_1_107' title='bbox 895 2094 1007 2154; x_wconf 80' lang='lat' dir='ltr'><strong>auctor</strong></span> <span class='ocrx_word' id='word_1_108' title='bbox 1022 2091 1126 2175; x_wconf 83' lang='lat' dir='ltr'><strong>origo,</strong></span> 
     </span>
     <span class='ocr_line' id='line_1_20' title="bbox 225 2174 1125 2260; baseline -0.004 -18"><span class='ocrx_word' id='word_1_109' title='bbox 225 2176 287 2242; x_wconf 82' lang='lat' dir='ltr'><strong>Sed</strong></span> <span class='ocrx_word' id='word_1_110' title='bbox 301 2177 385 2242; x_wconf 89' lang='lat' dir='ltr'><strong>nihil</strong></span> <span class='ocrx_word' id='word_1_111' title='bbox 400 2180 448 2241; x_wconf 88' lang='lat' dir='ltr'><strong>est</strong></span> <span class='ocrx_word' id='word_1_112' title='bbox 461 2179 529 2242; x_wconf 71' lang='lat' dir='ltr'><strong>stne</strong></span> <span class='ocrx_word' id='word_1_113' title='bbox 543 2181 644 2240; x_wconf 90' lang='lat' dir='ltr'><strong>matre</strong></span> <span class='ocrx_word' id='word_1_114' title='bbox 659 2180 758 2260; x_wconf 87' lang='lat' dir='ltr'><strong>pater.</strong></span> <span class='ocrx_word' id='word_1_115' title='bbox 786 2179 885 2259; x_wconf 82' lang='lat' dir='ltr'><strong>quota</strong></span> <span class='ocrx_word' id='word_1_116' title='bbox 899 2174 1005 2260; x_wconf 88' lang='lat' dir='ltr'><strong>portio</strong></span> <span class='ocrx_word' id='word_1_117' title='bbox 1021 2176 1125 2258; x_wconf 84' lang='lat' dir='ltr'><strong>patris</strong></span> 
     </span>
    </p>

    <p class='ocr_par' dir='ltr' id='par_1_7' title="bbox 175 2260 1065 2683">
     <span class='ocr_line' id='line_1_21' title="bbox 175 2260 1029 2344; baseline 0.002 -23"><span class='ocrx_word' id='word_1_118' title='bbox 175 2274 208 2322; x_wconf 89' lang='lat'><strong>10</strong></span> <span class='ocrx_word' id='word_1_119' title='bbox 225 2260 338 2326; x_wconf 87' lang='lat' dir='ltr'><strong>Omnis</strong></span> <span class='ocrx_word' id='word_1_120' title='bbox 353 2266 480 2326; x_wconf 79' lang='lat' dir='ltr'><strong>constat</strong></span> <span class='ocrx_word' id='word_1_121' title='bbox 493 2262 608 2326; x_wconf 91' lang='lat' dir='ltr'><strong>homo:</strong></span> <span class='ocrx_word' id='word_1_122' title='bbox 624 2265 726 2324; x_wconf 82' lang='lat' dir='ltr'><strong>mater</strong></span> <span class='ocrx_word' id='word_1_123' title='bbox 739 2261 777 2324; x_wconf 87' lang='lat' dir='ltr'><strong>fit</strong></span> <span class='ocrx_word' id='word_1_124' title='bbox 790 2264 860 2324; x_wconf 83' lang='lat' dir='ltr'><strong>tota</strong></span> <span class='ocrx_word' id='word_1_125' title='bbox 874 2280 1029 2344; x_wconf 85' lang='lat' dir='ltr'><strong>propago.</strong></span> 
     </span>
     <span class='ocr_line' id='line_1_22' title="bbox 223 2344 1038 2432; baseline -0.006 -20"><span class='ocrx_word' id='word_1_126' title='bbox 223 2347 311 2432; x_wconf 83' lang='lat' dir='ltr'><strong>Ergo</strong></span> <span class='ocrx_word' id='word_1_127' title='bbox 327 2347 418 2410; x_wconf 86' lang='lat' dir='ltr'><strong>nefas</strong></span> <span class='ocrx_word' id='word_1_128' title='bbox 433 2346 558 2411; x_wconf 85' lang='lat' dir='ltr'><strong>Paridis</strong></span> <span class='ocrx_word' id='word_1_129' title='bbox 574 2347 660 2429; x_wconf 92' lang='lat' dir='ltr'><strong>quod</strong></span> <span class='ocrx_word' id='word_1_130' title='bbox 674 2348 784 2428; x_wconf 89' lang='lat' dir='ltr'><strong>raptor</strong></span> <span class='ocrx_word' id='word_1_131' title='bbox 798 2346 899 2429; x_wconf 83' lang='lat' dir='ltr'><strong>gessit</strong></span> <span class='ocrx_word' id='word_1_132' title='bbox 913 2344 1038 2408; x_wconf 87' lang='lat' dir='ltr'><strong>adulter</strong></span> 
     </span>
     <span class='ocr_line' id='line_1_23' title="bbox 223 2427 1065 2513; baseline -0.006 -16"><span class='ocrx_word' id='word_1_133' title='bbox 223 2429 270 2498; x_wconf 90' lang='lat' dir='ltr'><strong>Ut</strong></span> <span class='ocrx_word' id='word_1_134' title='bbox 284 2433 426 2496; x_wconf 86' lang='lat' dir='ltr'><strong>monitus</strong></span> <span class='ocrx_word' id='word_1_135' title='bbox 441 2451 571 2495; x_wconf 88' lang='lat' dir='ltr'><strong>narrare</strong></span> <span class='ocrx_word' id='word_1_136' title='bbox 587 2450 715 2512; x_wconf 78' lang='lat' dir='ltr'><strong>queam,</strong></span> <span class='ocrx_word' id='word_1_137' title='bbox 730 2433 766 2493; x_wconf 88' lang='lat' dir='ltr'><strong>tu</strong></span> <span class='ocrx_word' id='word_1_138' title='bbox 781 2428 911 2513; x_wconf 84' lang='lat' dir='ltr'><strong>grandis</strong></span> <span class='ocrx_word' id='word_1_139' title='bbox 926 2427 1065 2492; x_wconf 91' lang='lat' dir='ltr'><strong>Homere</strong></span> 
     </span>
     <span class='ocr_line' id='line_1_24' title="bbox 223 2512 946 2596; baseline -0.006 -16"><span class='ocrx_word' id='word_1_140' title='bbox 223 2515 337 2580; x_wconf 88' lang='lat' dir='ltr'><strong>Mollia</strong></span> <span class='ocrx_word' id='word_1_141' title='bbox 351 2514 526 2579; x_wconf 89' lang='lat' dir='ltr'><strong>blandifluo</strong></span> <span class='ocrx_word' id='word_1_142' title='bbox 543 2512 698 2577; x_wconf 80' lang='lat' dir='ltr'><strong>defundes</strong></span> <span class='ocrx_word' id='word_1_143' title='bbox 714 2512 813 2576; x_wconf 87' lang='lat' dir='ltr'><strong>uerba</strong></span> <span class='ocrx_word' id='word_1_144' title='bbox 827 2514 946 2596; x_wconf 85' lang='lat' dir='ltr'><strong>palato.</strong></span> 
     </span>
     <span class='ocr_line' id='line_1_25' title="bbox 224 2597 942 2683; baseline -0.004 -20"><span class='ocrx_word' id='word_1_145' title='bbox 224 2600 375 2683; x_wconf 80' lang='lat' dir='ltr'><strong>Quisquis</strong></span> <span class='ocrx_word' id='word_1_146' title='bbox 389 2600 424 2663; x_wconf 91' lang='lat' dir='ltr'><strong>in</strong></span> <span class='ocrx_word' id='word_1_147' title='bbox 438 2599 547 2663; x_wconf 86' lang='lat' dir='ltr'><strong>Aonio</strong></span> <span class='ocrx_word' id='word_1_148' title='bbox 563 2597 726 2662; x_wconf 87' lang='lat' dir='ltr'><strong>deseendit</strong></span> <span class='ocrx_word' id='word_1_149' title='bbox 739 2598 831 2661; x_wconf 86' lang='lat' dir='ltr'><strong>fonte</strong></span> <span class='ocrx_word' id='word_1_150' title='bbox 846 2601 942 2680; x_wconf 82' lang='lat' dir='ltr'><strong>poeta</strong></span> 
     </span>
    </p>

    <p class='ocr_par' dir='ltr' id='par_1_8' title="bbox 59 2681 1036 2765">
     <span class='ocr_line' id='line_1_26' title="bbox 59 2681 1036 2765; baseline 0.001 -23"><span class='ocrx_word' id='word_1_151' title='bbox 59 2689 62 2696; x_wconf 87' lang='lat'>&#39;</span> <span class='ocrx_word' id='word_1_152' title='bbox 91 2687 101 2698; x_wconf 68' lang='grc'><em>“</em></span> <span class='ocrx_word' id='word_1_153' title='bbox 176 2696 207 2744; x_wconf 84' lang='lat'><strong>15</strong></span> <span class='ocrx_word' id='word_1_154' title='bbox 227 2683 272 2746; x_wconf 85' lang='lat' dir='ltr'><strong>Te</strong></span> <span class='ocrx_word' id='word_1_155' title='bbox 286 2703 407 2746; x_wconf 85' lang='lat' dir='ltr'><strong>numen</strong></span> <span class='ocrx_word' id='word_1_156' title='bbox 422 2682 494 2745; x_wconf 91' lang='lat' dir='ltr'><strong>uult</strong></span> <span class='ocrx_word' id='word_1_157' title='bbox 508 2703 576 2745; x_wconf 90' lang='lat' dir='ltr'><strong>esse</strong></span> <span class='ocrx_word' id='word_1_158' title='bbox 591 2703 699 2765; x_wconf 86' lang='lat' dir='ltr'><strong>suum,</strong></span> <span class='ocrx_word' id='word_1_159' title='bbox 715 2703 775 2746; x_wconf 86' lang='lat' dir='ltr'><strong>nee</strong></span> <span class='ocrx_word' id='word_1_160' title='bbox 789 2681 860 2746; x_wconf 89' lang='lat' dir='ltr'><strong>dioo</strong></span> <span class='ocrx_word' id='word_1_161' title='bbox 877 2681 1036 2746; x_wconf 82' lang='lat' dir='ltr'><strong>Camenae</strong></span> 
     </span>
    </p>

    <p class='ocr_par' dir='ltr' id='par_1_9' title="bbox 169 2763 1121 2850">
     <span class='ocr_line' id='line_1_27' title="bbox 169 2763 1121 2850; baseline -0.003 -20"><span class='ocrx_word' id='word_1_162' title='bbox 169 2837 171 2844; x_wconf 13' lang='grc' dir='ltr'>χ</span> <span class='ocrx_word' id='word_1_163' title='bbox 224 2767 268 2830; x_wconf 85' lang='lat' dir='ltr'><strong>Te</strong></span> <span class='ocrx_word' id='word_1_164' title='bbox 285 2769 452 2850; x_wconf 88' lang='lat' dir='ltr'><strong>praesente</strong></span> <span class='ocrx_word' id='word_1_165' title='bbox 475 2765 595 2829; x_wconf 86' lang='lat' dir='ltr'><strong>‘ueni&#39;.</strong></span> <span class='ocrx_word' id='word_1_166' title='bbox 626 2769 676 2829; x_wconf 87' lang='lat' dir='ltr'><strong>sat</strong></span> <span class='ocrx_word' id='word_1_167' title='bbox 690 2765 751 2830; x_wconf 88' lang='lat' dir='ltr'><strong>erit</strong></span> <span class='ocrx_word' id='word_1_168' title='bbox 765 2767 845 2830; x_wconf 88' lang='lat' dir='ltr'><strong>mihi</strong></span> <span class='ocrx_word' id='word_1_169' title='bbox 860 2787 972 2830; x_wconf 88' lang='lat' dir='ltr'><strong>sensus</strong></span> <span class='ocrx_word' id='word_1_170' title='bbox 986 2763 1121 2828; x_wconf 88' lang='lat' dir='ltr'><strong>Homeri</strong></span> 
     </span>
    </p>

    <p class='ocr_par' dir='ltr' id='par_1_10' title="bbox 225 2849 1073 2935">
     <span class='ocr_line' id='line_1_28' title="bbox 225 2849 1073 2935; baseline -0.004 -20"><span class='ocrx_word' id='word_1_171' title='bbox 225 2849 287 2927; x_wconf 80' lang='lat' dir='ltr'><strong>Qui</strong></span> <span class='ocrx_word' id='word_1_172' title='bbox 301 2854 376 2935; x_wconf 88' lang='lat' dir='ltr'><strong>post</strong></span> <span class='ocrx_word' id='word_1_173' title='bbox 389 2850 458 2914; x_wconf 88' lang='lat' dir='ltr'><strong>fata</strong></span> <span class='ocrx_word' id='word_1_174' title='bbox 472 2849 571 2934; x_wconf 83' lang='lat' dir='ltr'><strong>uiget,</strong></span> <span class='ocrx_word' id='word_1_175' title='bbox 587 2851 643 2934; x_wconf 92' lang='lat' dir='ltr'><strong>qui</strong></span> <span class='ocrx_word' id='word_1_176' title='bbox 659 2851 749 2915; x_wconf 87' lang='lat' dir='ltr'><strong>duxit</strong></span> <span class='ocrx_word' id='word_1_177' title='bbox 764 2850 803 2914; x_wconf 90' lang='lat' dir='ltr'><strong>ad</strong></span> <span class='ocrx_word' id='word_1_178' title='bbox 820 2872 907 2914; x_wconf 88' lang='lat' dir='ltr'><strong>arma</strong></span> <span class='ocrx_word' id='word_1_179' title='bbox 921 2849 1073 2933; x_wconf 84' lang='lat' dir='ltr'><strong>Pelasgos</strong></span> 
     </span>
    </p>
   </div>
   <div class='ocr_carea' id='block_1_6' title="bbox 132 3005 1126 3598">
    <p class='ocr_par' dir='ltr' id='par_1_11' title="bbox 227 3005 1125 3072">
     <span class='ocr_line' id='line_1_29' title="bbox 227 3005 1125 3072; baseline -0.003 -17"><span class='ocrx_word' id='word_1_180' title='bbox 227 3012 348 3057; x_wconf 81' lang='lat' dir='ltr'><strong>secuntur</strong></span> <span class='ocrx_word' id='word_1_181' title='bbox 372 3022 469 3056; x_wconf 83' lang='lat' dir='ltr'><strong>uacuae</strong></span> <span class='ocrx_word' id='word_1_182' title='bbox 495 3007 606 3070; x_wconf 77' lang='lat' dir='ltr'><strong>pnpinne</strong></span> <span class='ocrx_word' id='word_1_183' title='bbox 629 3008 751 3072; x_wconf 82' lang='lat' dir='ltr'><strong>quinque,</strong></span> <span class='ocrx_word' id='word_1_184' title='bbox 779 3007 871 3055; x_wconf 80' lang='lat' dir='ltr'><strong>deinde</strong></span> <span class='ocrx_word' id='word_1_185' title='bbox 892 3011 984 3068; x_wconf 77' lang='lat' dir='ltr'><strong>raptus</strong></span> <span class='ocrx_word' id='word_1_186' title='bbox 1007 3005 1125 3054; x_wconf 83' lang='lat' dir='ltr'><strong>Helenae</strong></span> 
     </span>
    </p>

    <p class='ocr_par' dir='ltr' id='par_1_12' title="bbox 158 3071 1124 3138">
     <span class='ocr_line' id='line_1_30' title="bbox 158 3071 1124 3138; baseline -0.004 -14"><span class='ocrx_word' id='word_1_187' title='bbox 158 3089 186 3137; x_wconf 83' lang='lat' dir='ltr'><strong>p.</strong></span> <span class='ocrx_word' id='word_1_188' title='bbox 206 3074 383 3124; x_wconf 72' lang='lat' dir='ltr'><strong>37-64a1r0</strong></span> <span class='ocrx_word' id='word_1_189' title='bbox 407 3089 438 3123; x_wconf 82' lang='lat' dir='ltr'><strong>ne</strong></span> <span class='ocrx_word' id='word_1_190' title='bbox 460 3077 539 3138; x_wconf 68' lang='lat' dir='ltr'><strong>mapa</strong></span> <span class='ocrx_word' id='word_1_191' title='bbox 561 3075 634 3138; x_wconf 77' lang='lat' dir='ltr'><strong>nipro</strong></span> <span class='ocrx_word' id='word_1_192' title='bbox 657 3080 797 3124; x_wconf 77' lang='lat' dir='ltr'><strong>aeramento</strong></span> <span class='ocrx_word' id='word_1_193' title='bbox 820 3073 926 3122; x_wconf 76' lang='lat' dir='ltr'><strong>chartae</strong></span> <span class='ocrx_word' id='word_1_194' title='bbox 947 3074 1026 3122; x_wconf 86' lang='lat' dir='ltr'><strong>minus</strong></span> <span class='ocrx_word' id='word_1_195' title='bbox 1048 3071 1124 3120; x_wconf 83' lang='lat' dir='ltr'><strong>albae</strong></span> 
     </span>
    </p>

    <p class='ocr_par' dir='ltr' id='par_1_13' title="bbox 159 3139 1123 3208">
     <span class='ocr_line' id='line_1_31' title="bbox 159 3139 1123 3208; baseline -0.005 -18"><span class='ocrx_word' id='word_1_196' title='bbox 159 3143 298 3208; x_wconf 69' lang='lat' dir='ltr'><strong>lnemiptua</strong></span> <span class='ocrx_word' id='word_1_197' title='bbox 314 3142 363 3192; x_wconf 81' lang='lat' dir='ltr'><strong>secl</strong></span> <span class='ocrx_word' id='word_1_198' title='bbox 379 3143 467 3191; x_wconf 83' lang='lat' dir='ltr'><strong>eaden</strong></span> <span class='ocrx_word' id='word_1_199' title='bbox 484 3148 511 3191; x_wconf 80' lang='lat' dir='ltr'><strong>nt</strong></span> <span class='ocrx_word' id='word_1_200' title='bbox 528 3141 630 3191; x_wconf 79' lang='lat' dir='ltr'><strong>uidetur</strong></span> <span class='ocrx_word' id='word_1_201' title='bbox 647 3157 719 3190; x_wconf 82' lang='lat' dir='ltr'><strong>mann</strong></span> <span class='ocrx_word' id='word_1_202' title='bbox 787 3139 885 3190; x_wconf 79' lang='lat' dir='ltr'><strong>Liten&#39;s</strong></span> <span class='ocrx_word' id='word_1_203' title='bbox 902 3139 920 3188; x_wconf 93' lang='lat' dir='ltr'>I</span> <span class='ocrx_word' id='word_1_204' title='bbox 925 3139 956 3189; x_wconf 89' lang='lat' dir='ltr'><em>M</em></span> <span class='ocrx_word' id='word_1_205' title='bbox 972 3153 1017 3189; x_wconf 79' lang='lat' dir='ltr'><strong>ens</strong></span> <span class='ocrx_word' id='word_1_206' title='bbox 1034 3140 1123 3188; x_wconf 80' lang='lat' dir='ltr'><strong>notaui</strong></span> 
     </span>
    </p>

    <p class='ocr_par' dir='ltr' id='par_1_14' title="bbox 159 3208 1125 3274">
     <span class='ocr_line' id='line_1_32' title="bbox 159 3208 1125 3274; baseline -0.002 -18"><span class='ocrx_word' id='word_1_207' title='bbox 159 3210 320 3260; x_wconf 75' lang='lat' dir='ltr'><strong>conlecturos</strong></span> <span class='ocrx_word' id='word_1_208' title='bbox 340 3211 406 3259; x_wconf 79' lang='lat' dir='ltr'><strong>scitu</strong></span> <span class='ocrx_word' id='word_1_209' title='bbox 428 3210 519 3274; x_wconf 78' lang='lat' dir='ltr'><strong>dipnus</strong></span> <span class='ocrx_word' id='word_1_210' title='bbox 542 3225 605 3274; x_wconf 82' lang='lat' dir='ltr'><strong>quus</strong></span> <span class='ocrx_word' id='word_1_211' title='bbox 628 3208 755 3258; x_wconf 75' lang='lat' dir='ltr'><strong>adhibitae</strong></span> <span class='ocrx_word' id='word_1_212' title='bbox 771 3208 843 3258; x_wconf 80' lang='lat' dir='ltr'><strong>uides</strong></span> <span class='ocrx_word' id='word_1_213' title='bbox 860 3210 887 3256; x_wconf 85' lang='lat' dir='ltr'><strong>r‘n</strong></span> <span class='ocrx_word' id='word_1_214' title='bbox 904 3209 1014 3257; x_wconf 71' lang='lat' dir='ltr'><strong>edictone</strong></span> <span class='ocrx_word' id='word_1_215' title='bbox 1031 3213 1125 3269; x_wconf 77' lang='lat' dir='ltr'><strong>ruptus</strong></span> 
     </span>
    </p>

    <p class='ocr_par' dir='ltr' id='par_1_15' title="bbox 160 3275 1126 3340">
     <span class='ocr_line' id='line_1_33' title="bbox 160 3275 1126 3340; baseline -0.003 -16"><span class='ocrx_word' id='word_1_216' title='bbox 160 3277 276 3326; x_wconf 81' lang='lat' dir='ltr'><strong>Helenae</strong></span> <span class='ocrx_word' id='word_1_217' title='bbox 288 3277 403 3327; x_wconf 84' lang='lat' dir='ltr'><strong>Romana</strong></span> <span class='ocrx_word' id='word_1_218' title='bbox 419 3292 503 3327; x_wconf 83' lang='lat' dir='ltr'><strong>omnes</strong></span> <span class='ocrx_word' id='word_1_219' title='bbox 518 3278 576 3340; x_wconf 76' lang='lat' dir='ltr'><strong>sere</strong></span> <span class='ocrx_word' id='word_1_220' title='bbox 590 3276 773 3337; x_wconf 79' lang='lat' dir='ltr'><strong>Iannelh‘enas,</strong></span> <span class='ocrx_word' id='word_1_221' title='bbox 792 3276 830 3324; x_wconf 78' lang='lat' dir='ltr'><strong>eis</strong></span> <span class='ocrx_word' id='word_1_222' title='bbox 846 3290 908 3324; x_wconf 85' lang='lat' dir='ltr'><strong>uero</strong></span> <span class='ocrx_word' id='word_1_223' title='bbox 921 3289 985 3338; x_wconf 81' lang='lat' dir='ltr'><strong>quas</strong></span> <span class='ocrx_word' id='word_1_224' title='bbox 1002 3275 1028 3322; x_wconf 85' lang='lat' dir='ltr'><strong>in</strong></span> <span class='ocrx_word' id='word_1_225' title='bbox 1046 3275 1126 3322; x_wconf 75' lang='lat' dir='ltr'><strong>rmerer&#39;</strong></span> 
     </span>
    </p>

    <p class='ocr_par' dir='ltr' id='par_1_16' title="bbox 158 3340 1123 3408">
     <span class='ocr_line' id='line_1_34' title="bbox 158 3340 1123 3408; baseline -0.003 -16"><span class='ocrx_word' id='word_1_226' title='bbox 158 3341 267 3393; x_wconf 82' lang='lat' dir='ltr'><strong>rhenani</strong></span> <span class='ocrx_word' id='word_1_227' title='bbox 283 3346 405 3394; x_wconf 80' lang='lat' dir='ltr'><strong>uolumine</strong></span> <span class='ocrx_word' id='word_1_228' title='bbox 424 3343 529 3395; x_wconf 81' lang='lat' dir='ltr'><strong>xxvlr</strong></span> <span class='ocrx_word' id='word_1_229' title='bbox 546 3362 572 3408; x_wconf 82' lang='lat' dir='ltr'><strong>p.</strong></span> <span class='ocrx_word' id='word_1_230' title='bbox 589 3345 639 3394; x_wconf 75' lang='lat'><strong>477</strong></span> <span class='ocrx_word' id='word_1_231' title='bbox 658 3342 799 3392; x_wconf 81' lang='lat' dir='ltr'><strong>Buecheler</strong></span> <span class='ocrx_word' id='word_1_232' title='bbox 820 3343 957 3406; x_wconf 80' lang='lat' dir='ltr'><strong>proposuit</strong></span> <span class='ocrx_word' id='word_1_233' title='bbox 974 3340 1123 3392; x_wconf 79' lang='lat' dir='ltr'><strong>lectionr&#39;bus</strong></span> 
     </span>
    </p>

    <p class='ocr_par' dir='ltr' id='par_1_17' title="bbox 132 3406 1126 3476">
     <span class='ocr_line' id='line_1_35' title="bbox 132 3406 1126 3476; baseline -0.004 -14"><span class='ocrx_word' id='word_1_234' title='bbox 132 3429 135 3437; x_wconf 74' lang='grc'><strong>’</strong></span> <span class='ocrx_word' id='word_1_235' title='bbox 159 3411 249 3462; x_wconf 78' lang='lat' dir='ltr'><strong>literar</strong></span> <span class='ocrx_word' id='word_1_236' title='bbox 266 3413 351 3463; x_wconf 70' lang='lat' dir='ltr'><strong>adIeci</strong></span> <span class='ocrx_word' id='word_1_237' title='bbox 366 3429 397 3465; x_wconf 88' lang='lat' dir='ltr'><strong>m.</strong></span> <span class='ocrx_word' id='word_1_238' title='bbox 410 3413 449 3462; x_wconf 78' lang='lat' dir='ltr'><strong>rh.</strong></span> <span class='ocrx_word' id='word_1_239' title='bbox 520 3413 568 3462; x_wconf 80' lang='lat'><strong>158</strong></span> <span class='ocrx_word' id='word_1_240' title='bbox 588 3425 658 3476; x_wconf 86' lang='lat' dir='ltr'><strong>quae</strong></span> <span class='ocrx_word' id='word_1_241' title='bbox 675 3411 809 3475; x_wconf 81' lang='lat' dir='ltr'><strong>proposuit</strong></span> <span class='ocrx_word' id='word_1_242' title='bbox 827 3408 923 3459; x_wconf 75' lang='lat' dir='ltr'><strong>Bueed.</strong></span> <span class='ocrx_word' id='word_1_243' title='bbox 993 3406 1126 3458; x_wconf 85' lang='lat' dir='ltr'><strong>llaoeaa</strong></span> 
     </span>
    </p>

    <p class='ocr_par' dir='ltr' id='par_1_18' title="bbox 159 3474 1126 3598">
     <span class='ocr_line' id='line_1_36' title="bbox 194 3474 1126 3541; baseline -0.004 -13"><span class='ocrx_word' id='word_1_244' title='bbox 194 3480 210 3528; x_wconf 90' lang='lat'>8</span> <span class='ocrx_word' id='word_1_245' title='bbox 229 3477 306 3541; x_wconf 80' lang='lat' dir='ltr'><strong>Quod</strong></span> <span class='ocrx_word' id='word_1_246' title='bbox 382 3483 414 3530; x_wconf 80' lang='lat'><strong>12</strong></span> <span class='ocrx_word' id='word_1_247' title='bbox 436 3482 464 3529; x_wconf 83' lang='lat' dir='ltr'><strong>te</strong></span> <span class='ocrx_word' id='word_1_248' title='bbox 487 3493 554 3528; x_wconf 83' lang='lat' dir='ltr'><strong>corr.</strong></span> <span class='ocrx_word' id='word_1_249' title='bbox 574 3479 590 3527; x_wconf 91' lang='grc' dir='ltr'><em>Ι</em></span> <span class='ocrx_word' id='word_1_250' title='bbox 597 3479 629 3528; x_wconf 92' lang='grc' dir='ltr'><em>Μ</em></span> <span class='ocrx_word' id='word_1_251' title='bbox 699 3479 730 3527; x_wconf 88' lang='grc'><strong>13</strong></span> <span class='ocrx_word' id='word_1_252' title='bbox 753 3476 870 3527; x_wconf 85' lang='lat' dir='ltr'><strong>delimas</strong></span> <span class='ocrx_word' id='word_1_253' title='bbox 891 3477 965 3527; x_wconf 75' lang='lat' dir='ltr'><strong>cedet</strong></span> <span class='ocrx_word' id='word_1_254' title='bbox 987 3474 1126 3526; x_wconf 82' lang='lat' dir='ltr'><strong>defundes</strong></span> 
     </span>
     <span class='ocr_line' id='line_1_37' title="bbox 159 3548 379 3598; baseline -0.009 0"><span class='ocrx_word' id='word_1_255' title='bbox 159 3549 262 3598; x_wconf 78' lang='lat' dir='ltr'><strong>inuento</strong></span> <span class='ocrx_word' id='word_1_256' title='bbox 280 3548 379 3597; x_wconf 79' lang='lat' dir='ltr'><strong>meliori</strong></span> 
     </span>
    </p>
   </div>
   <div class='ocr_carea' id='block_1_7' title="bbox 0 0 1294 3936">
    <p class='ocr_par' dir='ltr' id='par_1_19' title="bbox 0 0 1294 3936">
     <span class='ocr_line' id='line_1_38' title="bbox 0 0 1294 3936; baseline 0 0"><span class='ocrx_word' id='word_1_257' title='bbox 0 0 1294 3936; x_wconf 95' lang='lat' dir='ltr'><strong> </strong></span> 
     </span>
    </p>
   </div>
  </div>
 </body>
</html>
