2610 3946
487 247 512 295 x
530 249 666 299 err-eoa
1017 248 1058 314 69

157 398 237 463 ‘Illo
252 397 318 462 iam
332 404 478 482 gressus’
496 396 576 460 dixit
591 397 789 462 ‘conuertite
803 399 921 482 tigres,

155 483 245 548 Estis
261 503 357 564 opus,
372 502 444 544 mea
458 482 567 563 turba,
584 479 653 546 deo.
682 486 852 566 properate
867 484 1017 550 ministri.

85 581 142 630 280
153 565 314 651 Pinniger
327 565 447 630 Idalius
462 565 569 629 minor
584 566 715 630 estsine
730 587 862 631 munere
877 573 1019 633 nostro.’

149 651 332 716 Dixerat-et
347 647 511 734 Scythiam
526 647 672 714 Bacchus
687 651 751 714 iam
766 657 881 734 sponte
896 653 1036 738 petebat.

156 735 227 800 lam
242 734 333 798 uenit
347 734 387 798 ad
403 732 541 798 Colchos
547 785 555 817 ,
571 735 636 798 iam
652 756 685 798 se
701 733 858 801 Semeleia
873 735 1014 821 iungunt

156 819 314 904 Agmina,
330 817 502 901 Bybliades
517 818 638 883 saltant
653 818 864 902 Baccheaque
878 823 1037 886 rotantur.

157 903 288 968 Uenatu
303 903 427 967 interea
440 901 566 966 rediens
579 902 711 967 delubra
725 904 856 987 petebat

88 1000 142 1050 285
157 986 340 1053 Plectriferi
355 1006 508 1071 germana
523 986 589 1070 dei,
604 987 720 1052 mirata
733 992 867 1072 repente

157 1070 251 1148 Quod
266 1071 358 1135 sileat
371 1071 542 1154 templum,
564 1072 670 1136 subito
688 1072 773 1156 quod
794 1095 922 1157 sparsus
936 1073 1055 1157 ubique

156 1156 348 1220 Ambrosius
364 1155 409 1220 sic
423 1154 542 1240 fraglet
558 1156 645 1220 odor.
676 1178 812 1221 sonuere
826 1180 885 1243 per
899 1180 992 1224 aures

155 1239 359 1306 Fescennina
374 1238 459 1303 deae.
488 1239 698 1322 pulchrorum
713 1245 791 1305 uota
805 1247 978 1325 geruntur:

156 1324 219 1388 Iun
246 1324 309 1388 'tur
322 1324 479 1388 Aesonidi
493 1323 622 1408 fulgens
638 1324 752 1389 Medea
765 1328 891 1389 marito.

90 1424 143 1474 290
155 1344 298 1474 Emgrust
312 1407 478 1490 doluitque
493 1407 604 1472 simul:
628 1409 833 1473 ‘nonomine
848 1409 955 1474 fausto

158 1492 402 1576 Coniungatur'
419 1492 466 1556 ait
481 1495 556 1556 ‘nec
570 1514 725 1576 prospera
738 1493 887 1558 flammea
901 1497 1016 1559 sumat.

156 1575 336 1660 Displiceat
351 1575 543 1660 quandoque
558 1576 628 1642 uiro
644 1578 696 1641 cui
715 1578 853 1660 turpiter
867 1578 971 1642 audax

157 1661 340 1745 Sacrilegus
355 1661 511 1745 processit
526 1683 630 1744 amor,
647 1661 702 1725 sed
717 1662 832 1726 iustius
849 1665 941 1746 opto:

155 1745 302 1810 Perfidus
318 1745 480 1830 egregiam
495 1748 681 1810 contemnat
700 1746 970 1832 nautariugalem,

89 1843 142 1894 295
154 1829 291 1896 Dulcior
305 1829 437 1894 affectus
451 1829 505 1892 uel
520 1851 629 1894 amara
643 1830 776 1915 repudia
791 1830 909 1896 mittat.

155 1913 285 1979 Funera
298 1917 349 1979 tot
363 1913 472 1978 uideat
486 1911 609 1979 fuerint
623 1919 703 1998 quot
716 1916 855 2001 pignora
869 1920 986 2000 mater,

157 1998 245 2063 Orba
259 2019 375 2082 parens
389 2002 484 2066 natos
498 1999 649 2084 plangat,
665 2000 798 2066 uiduata
812 2002 928 2066 marito

155 2083 282 2167 Lugeat
296 2086 329 2147 et
343 2083 484 2148 sterilem
499 2082 595 2148 ducat
608 2106 666 2167 per
681 2086 808 2149 saecula
821 2089 959 2150 noctem.

155 2165 293 2231 Aduena
307 2188 432 2251 semper
447 2171 514 2251 eat,
529 2189 563 2232 se
579 2169 662 2232 tanti
678 2190 773 2232 causa
789 2169 908 2232 doloris

90 2265 143 2314 300
156 2253 334 2316 Auctorem
348 2249 495 2316 confessa
509 2255 644 2336 gemat'
675 2252 721 2318 sic
739 2251 808 2316 fata
822 2250 929 2316 Diana

155 2335 271 2400 Tristis
287 2336 370 2417 abit,
387 2336 521 2400 delubra
534 2340 658 2418 tacent,
675 2337 813 2400 sacraria
827 2341 986 2420 maerent,

156 2419 320 2504 Sanguine
333 2420 454 2504 templa
464 2425 584 2504 carent,
596 2421 706 2485 nutrix
715 2424 824 2485 tamen
835 2421 919 2485 atria
928 2423 1055 2486 tantum
1068 2441 1102 2496 [ῃ.
1114 2442 1150 2495 eu

156 2503 364 2586 Templorum
381 2505 529 2569 seruabat
544 2526 638 2568 anus
661 2505 741 2569 haec
756 2506 852 2570 anxia
867 2505 988 2571 crimen

155 2587 302 2671 Uirginis
319 2592 351 2653 et
365 2592 493 2673 raptum
509 2589 645 2653 deflebat
659 2593 780 2654 maesta
794 2589 959 2674 pudorem.

89 2685 141 2734 300
157 2671 268 2746 Qualis
282 2673 318 2737 in
334 2673 496 2738 exhaustis
510 2696 569 2757 per
584 2674 711 2739 sordida
726 2678 811 2740 tecta
824 2675 927 2739 ruinis

156 2755 243 2821 Strix
257 2761 416 2822 nocturna
431 2761 526 2822 sonat
539 2763 644 2822 rostro
660 2759 815 2824 stridente
828 2781 887 2845 per
901 2761 1030 2824 umbras

155 2839 266 2915 Qualis
282 2845 315 2905 et
328 2841 507 2906 horrendus
521 2842 650 2907 funesto
666 2844 807 2908 carmine
821 2843 907 2908 bubo

156 2923 373 3008 Conqueritur
387 2925 533 2990 deflenda
552 2946 684 3011 gemens
698 2926 775 2991 dum
796 2928 901 2992 tristia
916 2932 1055 2994 maestus

158 3079 207 3128 281
227 3094 332 3132 uacuus
349 3096 417 3130 corr.
431 3080 527 3131 Bacch.
546 3083 617 3130 malis
635 3095 730 3132 currus
747 3087 788 3134 uel
801 3084 881 3133 clarile
894 3085 956 3149 quid
1006 3083 1056 3134 283

475 3148 485 3186 0

87 3195 232 3247 Bibliades
300 3199 350 3249 284
371 3198 490 3266 petebam
563 3199 748 3252 suessonici
816 3202 864 3250 291
885 3198 1057 3264 Coniugetur

89 3263 307 3330 coniungatury
369 3267 419 3316 994
437 3272 501 3316 neta
554 3268 851 3320 enumeraremus
869 3269 950 3317 matri
1005 3268 1055 3318 298

87 3334 195 3382 noctem
213 3339 358 3396 comptum
381 3333 489 3384 uidetur.
524 3335 609 3384 uitam
628 3337 764 3398 proposuit
780 3333 876 3385 Bueet.
947 3336 997 3385 299
1019 3336 1056 3385 sit

87 3399 162 3450 tanti
248 3402 296 3451 901
320 3400 391 3464 abijt
411 3398 416 3465 l
436 3405 530 3451 tacent
552 3403 646 3452 nutrix
667 3407 760 3452 tamen
784 3401 856 3451 atria
878 3405 985 3452 tentum
1009 3403 1056 3454 sed

85 3467 311 3586 &praecriptum
334 3468 457 3519 sacraria
481 3473 612 3520 maerent.
646 3471 704 3520 icem
726 3485 743 3532 γ
824 3471 874 3522 907
896 3470 963 3522 bufo
986 3485 1055 3522 corr.

114 3549 161 3584 uec
