2610 3946
458 232 698 286 ssmssnorrc
798 253 807 272 ι
1023 232 1065 298 87

211 381 353 448 Horrida
368 403 561 447 concurrens
576 382 687 447 uincat
700 382 735 446 in
751 403 840 447 arma
853 384 1010 449 fremens:

169 466 238 538 Rex
253 467 309 551 qui
325 467 381 530 dat
395 467 524 531 ueniam
538 467 681 532 subiecto
698 470 730 531 et
744 469 903 551 temperat
916 469 990 552 iras,

100 563 155 615 210
211 552 290 616 Plus
305 573 401 635 quam
415 552 510 616 turba
524 551 617 635 facit,
633 551 689 635 qui
704 572 761 615 sua
776 552 873 616 corda
887 552 1005 618 domat.

136 699 137 702 ,
168 635 214 700 Te
230 637 306 700 deus
322 635 480 719 aspiciens
496 634 657 702 effimdere
671 635 759 700 nolle
775 657 930 720 cruorem,

212 719 260 786 Ut
275 720 344 784 sine
358 723 489 802 peccato
504 742 572 784 non
584 720 652 784 sine
666 719 760 784 laude
776 719 874 804 daret,

169 803 317 869 Contulit
331 804 456 868 absenti
470 809 574 869 terrae
588 803 760 888 pelagique
775 804 971 888 triumphos:

212 888 328 952 Ansila
341 891 487 971 testetur,
502 887 633 952 Maurus
649 889 768 971 ubique
783 889 874 954 iacet.

98 984 154 1034 215
170 970 264 1046 Quod
276 974 414 1055 pereunt
428 972 537 1037 hostes
552 973 637 1057 regis
652 972 785 1037 fortuna
799 976 943 1057 uocatur,

211 1054 304 1131 Quod
341 1060 455 1120 ereunt
468 1057 582 1140 populi
596 1057 751 1140 temporis
767 1056 845 1121 ordo
861 1059 959 1142 regit:

167 1139 252 1205 Nam
268 1140 295 1204 si
310 1079 458 1205 1121111122
472 1141 593 1205 faceret
607 1140 782 1205 discurrere
797 1145 926 1226 mortes,

210 1222 243 1287 N
244 1246 287 1288 cn
303 1224 453 1288 caderent
467 1246 548 1308 puer
562 1228 619 1288 aut
632 1225 754 1288 femina
769 1247 862 1290 sexus
876 1227 974 1290 iners.

169 1307 286 1372 Omnia
298 1312 426 1392 tempus
437 1309 514 1394 agit,
522 1331 595 1373 cum
606 1313 751 1392 tempore
759 1312 875 1373 cuncta
886 1310 1069 1394 trahuntur,

100 1405 156 1454 220
213 1391 372 1476 Tempora
387 1397 466 1456 eunt
479 1395 575 1476 uitae,
591 1396 738 1476 tempora
751 1393 865 1456 mortis
880 1397 973 1458 eunt:

168 1473 232 1540 Sex
246 1480 322 1541 sunt
336 1480 456 1541 aetates
471 1477 639 1542 hominum
654 1476 882 1560 proculusque
898 1482 1070 1561 senectam,

210 1559 279 1624 Hae
295 1560 447 1624 distincta
460 1564 573 1626 tenent
587 1564 734 1644 tempora
749 1582 894 1644 quaeque
909 1583 976 1626 sua.

167 1645 198 1709 N
201 1644 324 1728 unquid
336 1644 520 1710 eduliorum
535 1645 687 1728 strepitus
701 1644 841 1708 infantia
855 1645 991 1728 simplex
1069 1715 1071 1720 ,

210 1726 363 1793 Uindicat
377 1732 433 1792 aut
446 1729 594 1793 fremitus
608 1729 702 1813 pigra
717 1732 863 1792 senectus
877 1729 997 1795 habet?

101 1824 155 1874 223
169 1811 247 1877 Non
263 1813 435 1878 catulaster
449 1814 518 1898 agit
531 1813 684 1896 puerilia,
700 1834 768 1877 non
782 1834 863 1896 puer
878 1813 974 1878 audet

136 1931 139 1939 s
210 1899 391 1961 Attrectarc
405 1903 498 1962 tener
512 1897 630 1962 Martia
644 1897 710 1962 tela
724 1919 831 1962 manu.
935 1931 939 1936 ·

167 1979 244 2046 Non
258 1981 338 2046 furit
352 1982 387 2046 in
399 1980 559 2046 Uenerem
573 1983 719 2046 nondum
733 1982 930 2065 pubentibus
945 1983 1039 2048 annis

209 2064 242 2129 N
243 2086 279 2129 ec
294 2065 353 2130 sub
370 2066 449 2131 flore
464 2088 565 2152 genae
580 2065 739 2131 marcidus
755 2069 804 2130 est
818 2066 954 2149 iuuenis,

166 2149 314 2213 Mutunus
328 2154 461 2233 tractat,
477 2151 579 2234 gemit
593 2154 626 2214 et
640 2149 850 2215 tremebunda
865 2154 1011 2216 senectus

101 2246 155 2295 230
210 2232 329 2298 Nescia
342 2234 479 2300 feruoris
494 2235 546 2299 uel
560 2235 702 2298 leuitatis
717 2233 820 2316 inops.

166 2317 324 2401 Nunquid
337 2341 413 2384 mox
427 2323 519 2384 natas
535 2322 658 2404 segetes
673 2318 763 2381 uiror
777 2319 881 2381 armat
895 2317 1001 2382 aristis

210 2401 360 2468 Floribus
375 2407 431 2468 aut
446 2404 564 2489 genitis
579 2403 702 2468 fructus
717 2403 803 2466 inest
816 2401 947 2466 subito?

166 2485 327 2552 Nouimus
341 2493 428 2552 astra
441 2487 510 2570 poli
526 2487 690 2552 confectos
704 2485 837 2568 perdere
853 2507 963 2550 cursus

211 2570 465 2657 Transactasque
481 2572 577 2636 simul
593 2571 638 2636 sic
652 2570 805 2654 repetisse
821 2569 900 2634 uias.

103 2667 155 2716 235
170 2653 328 2739 Tempore
343 2656 422 2720 luna
436 2678 494 2720 suo
510 2657 625 2720 erescit
639 2655 692 2719 uel
707 2654 814 2719 deficit
829 2655 915 2738 orbe,

211 2738 309 2804 Cuius
325 2741 365 2804 ad
379 2744 518 2805 aetatem
532 2740 672 2823 plurima
684 2739 757 2824 lege
771 2742 897 2804 notant.

167 2822 252 2887 Nam
267 2824 346 2888 luna
362 2829 523 2889 crescente
537 2825 658 2888 fretum
673 2827 837 2887 crementa
850 2823 994 2907 resumit,

211 2906 282 2983 Qua
296 2908 463 2972 minuente
476 2908 561 2992 polis
575 2911 625 2972 est
639 2907 746 2972 minor
757 2907 847 2971 unda
860 2906 966 2971 maris,

168 2990 309 3074 Cynthia
324 2993 400 3057 dum
415 2993 528 3057 crescit
541 2993 647 3056 fontes
664 2994 696 3055 et
709 2991 845 3055 flumina
859 2995 1016 3074 crescunt,

100 3088 152 3138 240
209 3073 299 3142 Haec
315 3077 426 3142 eadem
442 3077 596 3141 minuunt
609 3074 751 3160 Cynthia
766 3074 842 3140 dum
857 3075 984 3140 minuit.

175 3249 226 3298 208
247 3248 335 3298 uincit
407 3250 457 3298 213
476 3247 601 3299 consulit
618 3264 653 3298 ex
670 3249 833 3312 interpolatis
854 3263 923 3299 corr.
943 3247 1073 3297 Areueluc

145 3315 197 3365 214
222 3317 316 3366 Marus
342 3330 378 3366 ea
402 3317 565 3382 interpolatis
586 3331 654 3366 corr.
677 3316 806 3364 Areualue
879 3315 929 3364 218
952 3315 1030 3378 pueri

100 3383 154 3434 225
177 3382 326 3434 catulaster
348 3400 417 3439 corr.
435 3400 471 3435 ex
493 3379 976 3434 121212112111102.1εο.12111121112
999 3381 1072 3447 gerit

100 3449 225 3502 Simond
297 3454 346 3504 231
365 3452 445 3516 uigor
461 3452 695 3502 mcqutAreualus
763 3450 902 3500 2331211111
926 3454 953 3498 et
1021 3450 1071 3500 239

100 3517 221 3578 Quintia
289 3521 444 3589 2401111112
