2576 3936
484 251 508 299 v
532 252 674 304 rra-saa
1030 252 1068 317 17

96 413 154 464 205
166 399 310 466 Diuitias
325 401 445 466 nimiae
459 420 584 483 semper
598 399 701 466 fecere
716 405 887 483 tyrannos:

167 485 254 549 Hinc
269 483 392 548 Marius
407 484 483 548 hinc
498 483 587 567 Sylla
600 484 688 549 ferus
702 485 780 549 hinc
788 484 893 550 Cinna
907 489 1067 570 cruentus,

167 569 247 634 Inde
262 567 327 633 fuit
341 572 471 650 Caesar,
486 568 664 634 dominatio
679 569 784 653 prima
800 573 939 634 senatus.

167 652 253 718 Nam
270 652 410 717 domitor
423 651 546 734 Libyae
561 652 721 718 bellorum
735 652 844 736 Scipio
859 653 984 718 fulmen

169 737 195 800 F
196 737 275 801 ortis
290 737 418 800 adultus
433 736 537 802 adhuc
552 741 640 802 totos
655 739 711 821 qui
727 739 805 802 uicit
818 737 957 802 Hiberos

101 835 157 884 210
172 820 427 904 Hannibalisque
443 824 565 886 trucem
579 821 679 906 fregit
692 843 749 906 per
765 822 849 886 bella
862 821 1006 888 furorem

170 906 219 970 Ac
234 905 457 988 populatorem
472 903 637 970 Romanae
653 907 759 990 gentis
774 906 882 992 adegit

171 988 306 1054 Sorbere
321 989 523 1054 mortiferum
538 1009 596 1054 ceu
610 991 727 1074 pocula
740 991 859 1055 blanda
873 1012 1035 1056 uenenum

170 1073 215 1138 Et
231 1077 328 1157 caput
341 1073 518 1138 infaustum
533 1073 659 1158 legatus
675 1076 763 1140 uexit
777 1075 817 1139 ad
833 1077 954 1158 urbem,

171 1157 354 1222 Minturnas
369 1158 519 1241 depulsus
535 1159 613 1223 obit.
643 1160 715 1242 pius
724 1159 805 1223 -inde
819 1158 972 1224 Camillus

104 1255 158 1304 215
173 1241 290 1306 Missus
305 1244 341 1306 in
356 1243 498 1324 exilium,
513 1264 573 1307 nec
587 1242 727 1309 Romula
739 1247 827 1308 tecta
840 1244 965 1309 uideret

171 1325 216 1391 Ni
231 1327 307 1392 satis
323 1326 461 1410 offerret,
477 1327 581 1391 uictor
596 1327 673 1391 licet
687 1328 761 1392 exul
776 1327 815 1390 ab
830 1330 919 1412 urbe,

172 1410 255 1476 Cum
269 1409 490 1475 Romanorum
506 1410 609 1475 Gallis
624 1411 743 1476 uexilla
757 1412 893 1494 tulisset,

172 1494 257 1559 Exul
272 1498 305 1559 et
319 1496 455 1560 extorris
470 1495 588 1560 meruit
603 1495 641 1559 de
657 1495 745 1560 clade
760 1496 971 1578 triumphum.

173 1578 337 1644 Mentibus
351 1580 502 1676 ingenuis
516 1601 642 1663 semper
655 1601 715 1663 pro
730 1580 802 1664 lege
817 1583 939 1644 tenea:

106 1677 159 1725 220
175 1663 313 1728 Solliciti
327 1685 456 1728 uenia-m
471 1663 589 1728 debent
603 1686 730 1747 sperare
744 1668 894 1747 potentes

174 1746 339 1812 Securius
354 1769 455 1832 regna
468 1752 591 1831 petant.
614 1749 669 1812 das
685 1749 751 1812 otia
765 1769 871 1830 seruo,

173 1831 253 1896 Mox
266 1833 348 1896 liber
361 1831 434 1896 uult
448 1853 516 1896 esse
531 1854 617 1897 suus.
648 1833 713 1896 iam
727 1854 823 1897 nemo
839 1831 966 1916 quietus
1084 1852 1113 1906 [p.
1128 1851 1160 1906 ιι]

173 1914 293 1982 Diuitis
308 1917 434 1982 insidiis
449 1916 578 1982 durabit
591 1938 731 2001 paupere
748 1939 848 1982 caeso.

143 2138 308 2210 Quaestio:
328 2139 374 2201 at
390 2137 529 2219 inquies:
550 2136 606 2202 sed
623 2137 691 2219 legi
709 2137 882 2220 parendum
901 2138 951 2201 est
969 2153 1049 2217 quae

176 2226 287 2291 sanxit
299 2228 338 2291 ut
351 2225 405 2290 air
417 2224 514 2290 fortis
528 2228 618 2310 optet
630 2225 803 2308 praemium
818 2222 902 2306 qnod
915 2223 1013 2289 uolet.

177 2361 212 2428 Si
227 2363 314 2448 leges
328 2367 465 2426 tractare
479 2362 601 2444 placet,
618 2362 768 2426 ueniatur
783 2361 823 2424 ad
838 2361 924 2424 illas:

114 2461 164 2508 220
179 2447 328 2530 Accipiat
343 2446 555 2530 quodcunque
570 2445 650 2510 uelit
664 2447 716 2509 uir
729 2445 823 2510 fortis
840 2449 873 2509 et
888 2447 987 2526 optet.
1042 2454 1044 2458 '

177 2530 249 2596 Hoc
264 2532 354 2616 cupit
369 2535 402 2594 et
415 2553 547 2614 pauper,
562 2551 622 2613 pro
637 2535 715 2595 uoto
731 2529 841 2594 diuitis
855 2529 965 2610 instat,

178 2614 226 2680 Ut
238 2619 368 2680 maneat
381 2615 434 2679 lex
449 2616 515 2679 lata
528 2618 631 2700 rogat.
652 2615 789 2678 uenialis
804 2614 912 2698 imago

178 2703 248 2764 Aut
261 2700 349 2764 ualet
364 2703 420 2763 aut
435 2704 520 2764 certe
535 2699 738 2763 simulacrum
755 2699 827 2784 lege
841 2700 1018 2782 perempta.
1060 2739 1063 2742 -

178 2783 306 2848 Interea
322 2804 389 2848 non
405 2805 479 2848 aera
489 2782 619 2866 micent,
635 2805 703 2848 non
718 2805 878 2847 marmora
893 2784 1037 2866 surgant,

118 2879 168 2930 230
181 2867 215 2932 N
216 2889 251 2933 ee
266 2870 325 2933 sub
340 2869 411 2953 lege
426 2868 481 2952 pia
494 2866 589 2932 fortis
604 2889 692 2932 noua
705 2867 848 2952 praemia
863 2870 997 2949 quaerat

182 2951 269 3026 Quae
291 2952 423 3016 damnat
436 2973 511 3016 mox
527 2956 642 3035 sponte
657 2974 723 3016 sua.
751 2973 819 3016 uon
840 2951 1010 3015 submonet
1023 2973 1082 3015 un·

183 3119 280 3206 Legis
292 3125 386 3186 canta
400 3120 492 3184 furor
506 3142 603 3204 quam
618 3119 696 3184 dant
709 3141 769 3204 pro
784 3057 1060 3201 laddeatliiumphi.

185 3277 236 3326 205
253 3279 418 3340 corruptelae
435 3279 531 3341 siparum
547 3277 705 3338 praefixam,
729 3277 838 3338 spatium
860 3275 951 3323 nullum
968 3273 1085 3323 relictam

119 3349 156 3393 eat
224 3344 274 3396 208
298 3343 454 3394 dominator
474 3346 637 3406 corruptelae
660 3349 722 3393 nota
745 3342 830 3392 uacui
850 3341 1004 3404 praeposita
1021 3337 1084 3406 cst!

119 3410 224 3476 Lybiae
276 3410 398 3462 2161ice
456 3412 506 3461 220
525 3415 655 3474 parentes
713 3411 763 3460 223
782 3406 885 3458 durarit
941 3408 1086 3458 22000100

120 3493 187 3529 corr.
211 3493 248 3528 aa
269 3477 340 3528 uelit
413 3479 544 3542 2281ege
566 3479 592 3526 in
615 3492 708 3526 rasura
777 3477 826 3526 229
849 3480 966 3542 surgunt
1034 3476 1086 3526 232

120 3549 281 3610 corruptelae
300 3553 361 3596 nota
378 3547 465 3596 uersui
479 3547 601 3610 praefixa
616 3541 621 3608 Ι
642 3542 725 3609 Leg'is

168 3628 301 3670 nuceum
314 3628 425 3671 camina.
858 3629 883 3676 ·2
