2576 3936
191 229 234 294 54
538 228 812 281 uunmnalrrun

194 463 538 550 Atinquiesrdcloren
547 463 1167 547 neumleniampercussorenPatrocll

296 554 429 621 canibus
442 555 476 620 et
488 553 675 621 uolneribus
687 555 717 620 a·
730 551 844 618 dedero
857 550 1052 629 laniandum.

130 697 144 728 ¹¹
160 695 181 778 θ]
258 708 455 775 Hectoreum
470 707 498 772 si
512 708 596 772 forte
610 727 705 771 canes
719 706 841 770 laniare
856 706 992 770 cadauer

256 793 273 858 I
296 814 329 856 se
343 815 438 890 paras
453 792 638 875 crimenque
652 794 761 875 putas,
776 790 839 856 hoo
853 788 967 854 Medus
981 789 1161 857 honestum

209 890 242 940 80
283 877 367 942 redit
382 881 414 942 et
428 876 468 940 ad
483 876 596 941 Persas
610 875 717 940 honor
731 878 780 940 est
793 875 820 938 si
836 875 980 938 membra
993 875 1146 940 uolucres

255 961 314 1026 Eri
337 962 416 1025 iant.
439 963 472 1024 et
485 959 576 1024 nulla
590 960 682 1024 detur
695 959 772 1023 licet
787 958 911 1023 ossibus
926 979 1017 1042 urna,

256 983 369 1109 Mollis
384 1045 651 1132 membrapftamen
666 1043 844 1108 condentur
858 1046 951 1126 rapta
965 1043 1136 1126 sepulcris,

257 1128 381 1212 Corpus
396 1129 525 1191 flamma
540 1149 683 1193 cremans
696 1127 843 1210 absumit,
855 1127 997 1192 membra
1007 1134 1162 1194 ceruales

256 1211 327 1278 Hoc
339 1212 427 1278 canis
438 1211 501 1277 hoc
512 1212 659 1277 uolucres
670 1212 946 1295 faciunt,uixossa
956 1211 1161 1295 relinquunt,

207 1311 240 1359 85
255 1297 300 1362 Et
313 1319 412 1384 rogus
427 1318 498 1362 ossa
512 1297 606 1381 rapit.
629 1297 741 1362 forsan
756 1295 936 1360 seruabitur
949 1294 1071 1360 Hector

256 1381 303 1447 Ut
317 1383 496 1446 madefacta
512 1382 630 1446 cadant
644 1381 839 1446 siccantibus
854 1401 926 1443 ossa
940 1379 1089 1444 medullis

254 1466 300 1532 Et
313 1467 412 1552 longa
426 1466 485 1530 sub
499 1466 573 1531 tabe
588 1465 698 1530 fluant.
721 1465 784 1528 hoc
798 1468 914 1529 cuncta
928 1463 1074 1548 sepulcra

254 1550 425 1618 Exercent.
452 1553 562 1616 tamen
577 1549 724 1615 intererit
738 1547 824 1632 quod
839 1548 947 1612 clausa
960 1549 1103 1614 tenebris

106 1643 138 1693 [1²-
151 1643 185 1691 69]
256 1633 448 1700 Putrescant
462 1635 608 1718 tumulis,
624 1639 658 1698 at
671 1635 725 1698 hic
739 1634 798 1698 sub
814 1633 885 1698 luce
900 1632 1086 1696 madescant

207 1732 240 1779 eo
254 1722 476 1804 Aspectusque
491 1723 565 1784 tuos
579 1719 745 1783 funestent
759 1739 832 1782 ossa
846 1717 970 1782 diurnis

258 1802 397 1870 Uisibus.
411 1803 636 1868 Andromache
646 1801 807 1867 tumulum
817 1801 879 1866 sibi
893 1801 1012 1865 formet
1022 1801 1160 1867 inanem

256 1886 300 1952 Et
315 1907 444 1951 oausam
458 1887 597 1951 lacrimis
612 1887 710 1951 faciet
724 1908 820 1970 quam
836 1885 974 1970 denegat
987 1884 1101 1952 hostis.

256 1969 302 2035 Te
315 1973 435 2054 tamen,
449 1969 566 2035 Iliacae
581 1971 754 2054 populator
768 1971 883 2055 gentis,
898 1969 1060 2034 Achillem

256 2053 412 2141 Sacrilegi
427 2056 490 2120 iam
504 2076 611 2139 poena
625 2059 743 2139 manet,
759 2055 814 2138 qui
828 2054 905 2119 uiue
918 2054 1094 2138 peremptis

207 2153 239 2200 95
255 2139 411 2206 Funestas
426 2141 585 2205 elementa
599 2140 688 2204 uiris.
709 2139 924 2222 corrumpitur
938 2160 993 2202 aer

256 2225 425 2308 Mortibus,
441 2225 526 2289 unde
542 2228 629 2290 caret
642 2225 737 2289 tellus
752 2223 905 2287 uitalibus
921 2224 1018 2302 auris,

255 2308 288 2374 N
290 2331 333 2373 on
370 2332 446 2374 urus
463 2311 521 2374 sub
537 2310 604 2373 sole
620 2309 696 2391 dies,
712 2330 780 2374 non
795 2307 899 2371 sidera
911 2307 1016 2371 noctis

256 2331 429 2478 Impolluta
445 2394 579 2477 micant,
595 2393 762 2458 fuscantur
777 2412 897 2456 cornua
912 2391 1016 2474 lunae,

255 2476 408 2543 Sordibus
424 2481 456 2542 et
469 2481 574 2543 totum
590 2477 671 2541 caeli
686 2499 760 2542 mox
774 2476 877 2540 inficit
892 2476 1011 2539 orbem.

195 2575 243 2624 100
256 2561 289 2626 N
290 2584 334 2626 on
349 2561 498 2627 Phoebus
512 2561 635 2626 Danais
650 2561 793 2643 morbos,
810 2582 877 2625 non
891 2559 988 2623 Troia
1003 2558 1147 2645 Pelasgis

256 2643 361 2709 Infert
376 2649 432 2708 aut
446 2648 556 2708 natam
571 2648 719 2726 repetens
733 2666 791 2728 per
806 2648 910 2708 castra
924 2643 1071 2708 sacerdos

257 2727 396 2815 Chryses
410 2728 615 2811 Apollineus:
631 2727 707 2792 hinc
722 2732 798 2792 sunt
812 2728 888 2792 hinc
903 2727 1018 2791 funera
1032 2732 1156 2794 maesta

256 2810 408 2876 Fortibus
424 2815 456 2876 et
470 2812 590 2876 bellum
605 2812 728 2896 geritur
742 2834 815 2877 oum
829 2815 933 2876 morte
948 2817 1092 2876 cruenta.

255 2895 377 2960 Hector
391 2898 426 2961 in
440 2897 533 2961 hoste
547 2896 610 2961 fuit
625 2918 739 2962 saeuus
754 2919 826 2962 oum
841 2899 909 2961 uita
923 2901 1077 2978 maneret,

277 3045 309 3095 81
333 3043 402 3094 nulli
423 3061 493 3096 corr.
513 3043 609 3095 Bueeh.
687 3046 720 3096 82
743 3042 896 3108 sepulchris
973 3045 1007 3094 83
1027 3045 1156 3108 suppleuit

192 3110 289 3161 Bueelae.
360 3112 393 3162 86
411 3111 481 3162 male
500 3109 801 3174 fantasmatum
821 3108 990 3162 siccantibus
1009 3126 1157 3176 quamquam

191 3181 304 3242 permira
329 3181 422 3230 dictum
444 3185 483 3229 est
504 3185 586 3230 tomen
611 3181 695 3230 nescio
719 3195 775 3228 num
792 3177 950 3230 scabendum
967 3179 1003 3228 sit
1021 3173 1154 3240 siccatisl

193 3245 312 3298 modulis
341 3263 376 3298 ea
404 3245 531 3297 medullis
560 3262 654 3296 rasura
743 3247 776 3297 87
807 3244 954 3310 sepulchra
1036 3244 1069 3294 89
1099 3259 1155 3294 rna-

194 3310 309 3362 descunt
326 3330 394 3365 corr.
414 3314 511 3366 Bucch.
597 3315 630 3364 94
645 3321 707 3378 post
724 3327 813 3377 poena
830 3328 925 3363 rasura
1010 3313 1043 3362 96
1062 3307 1156 3378 tellus]
1221 3321 1227 3329 '

193 3377 286 3428 laesus
355 3382 387 3432 98
405 3379 556 3445 lmpullatc
573 3397 641 3431 corr.
660 3379 756 3431 Buect.
772 3377 777 3446 Ι
792 3379 935 3430 sulcantur
952 3395 1021 3434 corr.
1033 3379 1130 3430 Bacch.
1151 3379 1154 3442 l

194 3446 257 3562 Ῑὸιεο
309 3447 342 3497 99
358 3447 422 3510 fort.
439 3461 511 3500 more
565 3448 611 3498 101
631 3448 740 3498 luseret
756 3447 933 3500 cornssueclt.
949 3444 954 3510 Ι
969 3451 1054 3497 nauta
1107 3447 1156 3499 102

218 3525 295 3576 ryses
