2576 3936
484 280 511 330 11
534 282 652 331 00-114
1025 283 1047 348 5

148 424 228 490 Rem
242 426 366 510 pandit.
396 428 538 511 periurat
552 430 655 492 Amor
669 430 760 512 quasi
775 431 901 514 nescius
917 436 1009 497 esset.

147 509 276 574 Interea
289 516 365 595 post
378 512 463 576 bella
477 512 542 576 suis
557 511 747 594 Tirynthius
760 514 829 578 ibat

96 606 130 655 95
146 593 261 658 Uictor
272 617 383 679 ouans,
399 597 451 660 cui
463 596 590 660 iunctus
600 597 679 660 Ylas
690 597 924 681 pulcherrimus
935 600 1047 666 haeret

148 679 287 743 (lestans
301 679 448 744 fulminei
462 681 580 764 pellem
596 703 668 745 cum
683 683 832 746 dentibus
848 685 933 767 apri,

146 763 191 827 Et
205 763 281 828 licet
295 764 455 828 inualidus
469 765 549 830 haec
563 765 706 848 pondera
720 766 805 830 ferre
819 768 960 850 laborat,
1058 788 1090 835 [1.
1103 787 1126 835 s]

147 846 222 929 Ipse
237 851 346 912 tamen
362 849 482 932 gaudet
496 851 586 932 quasi
600 850 665 914 iam
676 872 845 915 commune
856 854 1047 936 trophaeum

149 931 262 995 Gestet
276 936 309 996 et
322 933 452 998 Alcides
466 955 534 998 non
549 934 636 998 solus
650 934 771 1001 fuderit
785 957 908 1019 aprum.

80 1028 134 1077 100
146 1014 290 1081 Horrent
304 1017 451 1082 Alcidem
465 1016 636 1101 Nymphae
650 1020 810 1083 mirantur
824 1019 983 1105 Ylanque.

145 1099 197 1164 Ex
212 1101 328 1183 quibus
343 1124 408 1166 una
423 1106 533 1166 10111011
547 1107 679 1167 cunctas
693 1103 802 1168 adfata
817 1125 942 1169 sorores

146 1183 237 1249 Haec
253 1185 314 1250 ait:
340 1185 385 1250 ε0
400 1185 512 1252 faciles
526 1186 626 1251 Penei
641 1188 775 1251 numina
789 1187 975 1274 Nymphae,

147 1267 257 1333 Dicite
273 1270 400 1353 quando
416 1292 526 1354 parem
540 1293 676 1354 puerum
691 1277 807 1336 natura
822 1273 969 1339 dedisset.

147 1352 225 1417 Non
239 1353 303 1417 fuit
316 1353 513 1438 Hippolytus
527 1355 615 1439 talis,
631 1377 699 1420 non
736 1360 824 1420 astor
837 1358 878 1421 ab
892 1357 965 1440 Ida,

81 1450 134 1498 105
148 1435 336 1502 Nocturnae
351 1439 477 1523 fulgore
493 1440 569 1504 deae
583 1462 653 1504 non
666 1378 801 1523 puldher
813 1440 919 1524 Iason,

146 1519 179 1586 N
181 1542 216 1585 00
231 1521 381 1586 Bromius
396 1524 460 1587 iam
474 1524 549 1588 talis
564 1525 625 1588 erit
640 1545 698 1588 nec
713 1545 850 1610 magnus
864 1525 995 1609 Apollo.

148 1604 239 1669 Felix
254 1609 340 1671 sorte
356 1629 414 1671 sua
428 1608 480 1672 cui
493 1607 567 1673 talis
582 1629 708 1691 semper
722 1609 829 1693 imago

148 1685 275 1754 Seruiet
289 1694 321 1755 ct
334 1692 434 1756 roseis
449 1694 607 1757 recubans
622 1692 711 1757 dabit
726 1693 835 1756 oscula
849 1693 975 1758 labris’

149 1772 231 1838 (lum
246 1775 382 1839 nimium
397 1776 546 1841 laudatur
560 1776 654 1858 Ylas,
671 1797 703 1840 se
719 1776 880 1844 subtrahit
894 1777 959 1841 ales

83 1857 191 1922 nolit
205 1858 330 1942 profert
343 1881 452 1924 arcum
468 1861 664 1944 permiscens
679 1861 775 1924 mella
789 1861 939 1944 uenenis,

147 1944 263 2007 Armet
276 1943 343 2008 tela
358 1943 439 2010 dolis
455 1950 487 2010 et
501 1947 625 2031 spargit
640 1945 763 2029 spicula
776 1945 948 2030 Nymphis.

148 2026 332 2092 Pallescunt
347 2051 475 2113 omncs,
491 2031 614 2094 subitus
630 2032 729 2095 rubor
742 2031 846 2095 inficit
861 2052 931 2112 ora,

148 2111 300 2176 Tendunt
313 2115 456 2178 membra
470 2115 581 2199 simul,
597 2115 720 2179 cunctis
736 2115 874 2197 respirat
887 2114 994 2178 hiatus

149 2195 223 2260 Oris
238 2202 271 2260 01
285 2197 326 2260 ad
340 2198 444 2262 crines
460 2199 554 2282 digiti
569 2200 743 2262 mittuntur
757 2201 938 2280 amantum,

84 2291 134 2339 115
148 2278 314 2362 incipiunt
327 2281 390 2346 fari
404 2283 573 2366 mediaque
588 2283 624 2346 111
639 2303 718 2346 uoce
732 2281 902 2345 resistunt:

149 2363 214 2428 Tot
228 2365 329 2449 signis
344 2367 496 2451 uulgatur
511 2388 610 2431 amor.
641 2365 858 2450 Clymeneque
873 2385 998 2429 sorores

150 2446 361 2532 Adloquitur:
386 2451 508 2534 ‘placet
527 2451 629 2515 almus
643 2450 723 2514 Ylas
737 2449 881 2533 rapiatur
894 2450 930 2513 in
944 2449 1047 2512 undas

149 2530 196 2596 Ut
214 2533 256 2597 sit
270 2542 381 2598 noster
394 2557 494 2599 amor.
523 2557 583 2599 nec
604 2536 666 2599 erit
680 2535 760 2598 mihi
776 2534 897 2598 crimen
911 2534 1047 2598 amanti:

148 2614 254 2680 Dione
269 2616 432 2702 Paridem,
450 2619 624 2702 Lycastum
639 2620 721 2683 zelat
735 2619 896 2700 Amazon,

85 2711 135 2760 120
148 2699 287 2765 Pulcher
302 2707 428 2767 amatur
441 2703 553 2785 Adon,
569 2703 682 2768 Furias
697 2708 784 2768 amat
798 2703 866 2786 ipsc
882 2702 930 2768 Cu
954 2703 1023 2768 ido:

150 2782 243 2857 Quod
255 2787 378 2850 caelum
390 2788 477 2871 quod
487 2792 574 2852 terra
586 2789 705 2852 fretum
716 2789 803 2872 quod
815 2787 919 2851 sidera
928 2725 1050 2852 Pluton

148 2867 309 2935 Exercent
323 2893 382 2954 per
396 2872 499 2936 saecla
514 2872 583 2954 diu,
599 2893 656 2936 cur
669 2871 822 2956 Nympha
836 2871 1008 2936 ucretur'?

150 2950 231 3017 Oum
245 2954 404 3039 loquitur,
420 2957 571 3020 cantabat
585 2957 664 3020 Ylas
679 2956 868 3040 fontemque
883 2956 1013 3039 petebat

147 3034 344 3103 Hauriturus
359 3061 467 3124 aquas.
497 3062 612 3104 urnam
626 3041 703 3105 licet
717 3041 786 3124 ipse
800 3040 947 3122 tenebat,

152 3225 186 3274 94
203 3223 366 3288 Tyrinthius
418 3230 451 3278 95
467 3229 577 3279 uinctus
629 3230 662 3279 98
682 3228 849 3292 triumphum
866 3243 934 3279 corr.
953 3225 1051 3276 Bacch.

85 3292 132 3340 101
152 3297 253 3341 cuntes
323 3296 372 3344 102
390 3296 490 3359 poenei
556 3299 604 3346 103
623 3311 708 3361 puero
726 3302 823 3346 natum
840 3299 940 3344 natura
1002 3295 1051 3344 104

86 3357 247 3422 Hippolitus
318 3363 367 3410 106
388 3362 500 3425 appollo
570 3366 619 3414 110
642 3364 767 3428 proferat
836 3365 884 3413 113
906 3360 983 3425 cfiX
1001 3363 1050 3412 233

83 3425 133 3474 110
152 3424 340 3493 Clymeneque
394 3430 589 3481 1111101001
642 3430 830 3480 1180001110
883 3431 931 3480 119
948 3429 1051 3493 Lycos-

84 3490 253 3557 0011100101
306 3498 353 3545 121
374 3495 475 3562 sydera
528 3500 576 3548 122
593 3500 715 3549 Exercet
767 3500 816 3548 123
832 3497 1050 3560 fortassetrans·

83 3559 144 3612 ibat
161 3561 259 3612 Bacch.
