2576 3936
178 241 222 305 42
586 241 737 293 sarnus

242 391 418 476 Frangitur
432 394 466 455 et
478 391 662 477 Phrygibus
676 393 827 457 conuiuia
841 391 926 456 laeta
939 394 1046 477 parari

243 475 305 540 Per
318 480 442 558 septem
456 476 548 541 iubet
561 476 629 559 ipse
645 477 721 542 dies.
752 477 927 560 Cythereus
942 481 975 540 et
989 479 1074 542 Aiax

179 573 229 623 355
243 559 450 645 Colloquium
464 582 633 625 commune
648 564 763 626 tenent
776 561 839 626 duo
854 561 993 626 fulmina
1006 562 1095 630 belli.

243 644 341 730 Regis
355 645 577 709 Alexandrum
591 646 741 709 iuuenem
760 646 873 730 regina
887 645 1057 730 Pelasgum

242 729 385 794 Hesione
401 730 568 812 complexa
582 729 673 794 fouet
688 751 841 815 germana
854 731 1012 813 parentis,

242 813 397 879 Uultibus
412 814 447 877 in
461 813 587 878 Paridis
601 813 723 878 Priami
737 814 886 879 laudatur
899 809 1036 899 imago]

243 897 367 962 Octauo
382 899 533 962 ueniente
549 898 599 961 die
614 899 678 962 iam
693 898 798 964 sidera
812 899 962 963 Phoebus

179 995 230 1044 370
242 982 345 1046 Elaris
360 982 520 1046 condebat
533 983 638 1066 equis,
654 984 718 1046 iam
734 987 849 1047 cuncta
862 983 1000 1048 ruebant

243 1065 372 1131 Oceano
387 1065 528 1130 nudante
544 1070 631 1130 rotas
647 1067 855 1131 stridentibus
869 1066 974 1131 undis.

242 1150 334 1214 Tunc
348 1149 558 1214 Anchisiades
574 1150 704 1214 sublimi
718 1172 798 1217 uoce
813 1150 978 1235 profatur:

243 1233 330 1298 ‘Rex
345 1235 465 1298 inuicte
480 1235 592 1318 armis,
607 1234 686 1298 felix
700 1235 736 1299 in
749 1257 829 1319 pace
844 1257 988 1318 senesce,

244 1317 397 1394 Quamuis
408 1341 503 1385 nemo
513 1320 630 1383 ducum
638 1341 697 1405 uos
707 1341 859 1402 umquam
869 1321 904 1383 in
912 1320 997 1384 bella
1008 1319 1145 1386 lacesset

179 1417 229 1466 375
240 1404 292 1468 Ex
306 1427 371 1488 quo
386 1404 484 1469 Troia
497 1405 595 1488 perit,
611 1425 671 1468 nec
685 1407 793 1468 uester
807 1408 952 1468 creuerat
966 1405 1066 1488 Aiax,

242 1492 288 1553 At
294 1489 400 1571 modo,
411 1511 477 1571 rex,
489 1488 1144 1554 tercunctadomanstercunctareuellens

244 1573 356 1637 Murus
371 1573 433 1636 erit
447 1573 542 1637 sociis
557 1574 639 1637 aries
654 1572 845 1636 metuendus
859 1573 895 1638 in
909 1573 1018 1638 hostes

243 1659 342 1742 Aiax,
357 1678 489 1742 magne,
504 1662 589 1722 tuus.
618 1657 748 1722 Priamo
765 1661 822 1721 tua
836 1657 921 1722 dicta
934 1658 1127 1740 loquemur?

244 1741 297 1807 Sic
311 1742 407 1806 fatus.
438 1742 545 1806 dixere
560 1743 633 1806 uale
648 1763 820 1826 regemque
835 1741 987 1806 salutant.

178 1840 230 1889 380
241 1827 332 1890 Tunc
346 1827 409 1889 iter
423 1827 463 1890 ad
477 1830 607 1909 portum
622 1831 755 1890 uertunt
770 1830 803 1890 et
816 1826 914 1890 litora
928 1830 1077 1910 tangunt.

245 1909 465 1974 Conscendere
481 1913 598 1992 ratem,
615 1909 803 1974 subducitur
818 1932 936 1974 ancora
949 1909 1098 1993 mordax,

242 1993 325 2059 Uela
338 1993 449 2057 leuant
464 1997 592 2076 nautae,
608 2016 720 2077 proras
735 2017 755 2058 a
769 1995 863 2059 litore
877 1998 1045 2078 torquent,

90 2093 167 2146 [1153]
241 2078 409 2162 Puppibus
424 2078 582 2141 incumbit
596 2082 728 2161 uentuS,
745 2101 821 2143 mox
837 2079 967 2144 carbasa
984 2078 1089 2143 tendit

241 2163 327 2228 Dum
343 2162 458 2227 fluctus
471 2162 622 2227 scindunt
633 2166 666 2227 et
678 2185 832 2247 prospera
843 2164 974 2227 flamina
984 2165 1141 2228 crescunt.

179 2263 228 2312 385
241 2249 370 2314 Α7170113
385 2247 509 2312 interca
523 2249 657 2312 ueniens
673 2249 848 2312 comitante
861 2248 1004 2330 procella

241 2333 401 2398 Turbidus
417 2333 565 2415 occurrit,
581 2355 656 2396 mox
671 2333 787 2415 sparsit
801 2331 836 2396 in
847 2353 985 2416 aequore
997 2332 1140 2396 classem.

214 2460 215 2463 =
243 2417 377 2502 Gurgite
392 2421 525 2481 curuato
540 2418 712 2500 rapiuntur
727 2416 766 2480 ad
781 2420 867 2480 astra
882 2416 1027 2481 liburnae

241 2502 286 2566 Et
300 2522 472 2584 suspensus
489 2501 579 2584 aquis
593 2523 651 2584 per
664 2501 778 2565 nubila
792 2505 891 2565 nauta
906 2502 1046 2566 cucurrit

241 2586 274 2651 N
276 2587 420 2669 auigium
434 2589 583 2649 uastante
598 2587 676 2650 salo.
704 2585 779 2649 dum
794 2608 919 2650 summa
933 2586 1050 2650 carinis

180 2683 230 2731 300
241 2668 353 2734 Sidera
367 2672 453 2732 tacta
468 2672 586 2751 putant
600 2673 633 2732 ct
647 2669 694 2732 nil
710 2691 874 2753 superesse
889 2669 1032 2734 fatentur

242 2751 411 2817 Montibus
427 2753 608 2836 aequoreis,
623 2754 709 2818 malo
725 2755 816 2819 uenit
830 2755 925 2819 altior
939 2754 1025 2819 unda

242 2837 274 2902 N
276 2836 521 2921 aufraginmque
536 2837 591 2901 diu
605 2839 727 2903 ratibus
742 2861 896 2922 suspensa
910 2840 1052 2903 minatur

242 2921 391 3006 Desuper
405 2921 570 2986 intentans
585 2923 701 3008 pelago
717 2925 868 2988 ueniente
883 2924 1020 2987 ruinam.

241 3007 311 3071 Iam
326 3009 442 3070 uentus
457 3006 609 3071 subduxit
623 3028 736 3091 aquas,
753 3008 901 3072 extundit
914 3008 1051 3072 harenas

178 3104 228 3154 395
241 3091 356 3156 Pressa
370 3090 480 3154 carina
495 3091 580 3176 solo,
596 3091 696 3156 muris
710 3096 776 3156 stat
790 3093 905 3157 celsior
919 3093 1006 3156 unda

246 3331 296 3380 364
314 3329 478 3380 Cithacreus
495 3345 564 3380 corr.
583 3329 638 3379 JM
695 3331 745 3380 368
763 3329 878 3381 laudata
896 3347 964 3382 corr.
986 3330 1038 3380 ΙΜ
1092 3331 1142 3381 373

179 3396 303 3446 iniuncta
326 3414 393 3450 0011.
418 3397 433 3447 I
440 3398 470 3447 M
485 3395 490 3456 1
506 3396 594 3447 foelix
679 3399 728 3448 377
755 3399 810 3448 3173
837 3414 905 3449 0011.
928 3396 1024 3447 Bueclr.
1048 3413 1078 3446 m.
1101 3397 1141 3447 171.

187 3464 228 3512 '‘32
251 3477 340 3512 nanae
363 3481 432 3516 corr.
454 3465 508 3515 IM
575 3465 624 3514 389
648 3464 768 3514 cornicis
824 3465 930 3514 uertice
960 3479 1063 3514 summo
1088 3463 1145 3513 IM

223 3533 228 3552 '
246 3531 404 3580 uenientem
422 3547 490 3584 corr.
509 3533 525 3580 1
530 3531 563 3582 M
629 3532 679 3582 393
697 3545 789 3582 murus
807 3547 875 3582 0011.
895 3531 990 3581 Buecb.
1008 3547 1039 3579 m.
1057 3531 1097 3580 rb.
