2576 3936
149 217 193 282 40
556 213 707 264 necans

150 379 201 428 300
213 365 340 430 Uictori
356 364 427 447 quis
442 363 548 427 uictus
562 362 609 426 ait
626 365 676 425 ‘te
690 361 776 425 bella
790 365 923 445 gerente
1151 440 1158 447 ι

171 487 173 492 -
214 449 267 513 Me
282 451 412 513 maneat
427 447 556 512 uirtutis
570 446 690 529 honos,
707 467 758 509 me
771 444 889 528 praeda
904 448 1070 529 sequatur,

214 533 362 599 Praemia
376 554 427 596 me
442 530 545 596 laudis
560 552 611 594 me
626 530 769 614 praemia
784 529 1070 612 cunctatrinmphi

214 618 409 702 Expectent,
424 616 526 680 sterili
540 616 645 680 uictor
659 615 714 678 sed
728 615 821 678 laude
836 614 959 697 potitus

213 703 258 768 Et
272 703 399 766 ieiunus
415 701 506 765 eat'?
529 699 601 784 quis
615 699 684 784 regi
705 699 818 782 quisue
833 698 949 763 marito

151 800 200 850 305
214 787 277 852 Uel
291 787 407 850 misero
424 785 469 850 sic
484 807 579 850 ausus
594 784 640 848 ait
654 805 727 848 cum
740 804 821 847 uoce
835 786 988 866 proterua

215 871 415 936 ‘Conubium
430 869 573 934 rescinde
588 873 694 950 tuum,
711 871 877 951 rumpatur
891 867 1028 932 honesto

215 955 355 1020 Foedere
369 954 480 1018 iuncta
500 953 628 1034 domus,
648 952 783 1016 thalami
798 951 991 1016 damnentur
1005 975 1120 1022 aman·

860 1041 930 1102 tum

214 1122 360 1186 Festiuas
375 1121 526 1206 extingue
541 1120 669 1184 faces’?
691 1121 763 1204 quis
777 1120 878 1186 uicit?
899 1085 1037 1185 ut'istud

214 1205 336 1270 Audiat
349 1204 480 1284 Alcides
493 1205 632 1289 patriam
647 1205 702 1288 qui
716 1204 855 1288 perculit
868 1205 983 1269 hosti?

151 1304 202 1353 310
215 1289 350 1365 Quando
366 1295 474 1354 tamen
488 1289 594 1354 uictor
607 1288 686 1354 uicti
701 1290 760 1353 sub
775 1289 847 1374 lege
861 1293 1012 1354 tenetur?

216 1374 250 1440 si
265 1374 386 1439 Priami
401 1373 543 1438 recidiua
557 1373 670 1438 domus
685 1379 795 1438 manet
809 1373 866 1436 illa
879 1374 1010 1457 tyranni

215 1459 294 1523 Post
308 1460 400 1544 ignes
415 1462 564 1542 reparata
577 1480 666 1523 meos
673 1507 682 1540 ‚
698 1459 725 1521 si
740 1457 854 1541 pendit
867 1479 1010 1522 amorem

216 1544 395 1608 Germanae
411 1564 466 1606 rex
481 1543 550 1625 ipse
565 1563 656 1626 suae,
673 1564 732 1625 pro
748 1542 821 1606 dote
837 1542 940 1606 sorori

61 1646 94 1697 0).
106 1645 141 1696 so]
217 1627 279 1692 Uel
293 1627 386 1713 regni
400 1649 474 1711 pars
489 1626 574 1691 iusta
588 1626 696 1710 detur,
711 1648 752 1691 ne
767 1626 909 1690 uindicet
925 1627 1008 1690 Aiax

152 1724 202 1774 315
218 1711 311 1787 Quod
325 1713 421 1776 matri
436 1711 587 1777 donasset
603 1734 683 1776 auus
699 1713 726 1776 si
741 1711 839 1775 Troia
852 1714 1007 1774 maneret.

215 1796 427 1878 Temporibus
442 1797 545 1860 soceri
560 1797 667 1860 senuit
682 1797 708 1860 si
724 1795 822 1860 Graia
836 1795 987 1859 iuuentus

214 1878 283 1943 iam
298 1880 416 1943 nostris
453 1901 488 1943 er
502 1879 595 1958 bella,
614 1879 768 1964 Phryges,
784 1879 938 1945 successit
952 1879 987 1942 in
1001 1878 1116 1943 armis:

215 1962 416 2046 Bellipotens
430 1902 564 2027 ducibus
579 1964 702 2028 cunctis
718 1968 830 2048 optata
843 1984 988 2047 propago

215 2047 276 2111 Est
289 2046 385 2130 mihi,
400 2047 593 2130 bellipotens
606 2069 674 2112 non
688 2048 763 2113 uilis
778 2049 923 2132 pignoris
938 2048 1022 2112 Aiax

152 2144 202 2193 320
213 2129 345 2196 Eminet
360 2135 392 2196 et
428 2132 532 2196 uaerit
546 2131 584 2196 de
599 2155 664 2216 qua
677 2133 742 2197 iam
757 2136 853 2217 gente
867 2131 1059 2216 triumphet,

216 2215 388 2282 Thessalus
402 2153 554 2282 dmathia
569 2216 677 2282 fratris
692 2218 833 2282 nutritus
848 2215 990 2282 Achilles

215 2301 343 2365 Emicat
358 2305 390 2365 et
403 2305 515 2366 toruos
530 2307 656 2367 exercet
669 2303 704 2366 in
719 2324 809 2366 arma
822 2301 976 2366 biformes

215 2383 366 2450 Patroclo
381 2385 557 2469 populante
574 2387 669 2452 simul
685 2385 877 2452 Centaurica
891 2387 1006 2463 lustra,

215 2469 353 2551 Tydides
368 2468 602 2554 Sthenelusque
622 2471 766 2536 fremunt
780 2472 926 2554 Aiaxque
947 2468 1116 2552 secundus,

151 2564 200 2613 323
213 2551 362 2618 Nestoris
378 2554 571 2620 Antilochus
585 2555 771 2620 Palamedes
786 2555 908 2619 Teucer
922 2553 1033 2619 Ulixes

215 2636 373 2701 Exultant
387 2638 473 2720 quod
484 2639 581 2703 Troia
590 2640 673 2704 redit
687 2639 774 2723 qnod
784 2640 942 2725 Pergama
954 2640 1117 2723 surgunt*

216 2719 307 2784 Tunc
322 2720 513 2804 Polydamas
528 2723 575 2786 ait
589 2723 746 2788 submissa
760 2745 840 2788 uoce
855 2723 1017 2808 profatus:

215 2802 375 2890 ‘Belliger
389 2805 585 2888 armipotens
600 2808 780 2872 animarum
795 2808 909 2873 iudicis
924 2808 1032 2888 heres,

215 2887 285 2952 Rex
301 2889 353 2954 cui
367 2889 406 2953 de
421 2891 540 2956 nostris
554 2895 604 2956 est
618 2891 722 2976 gloria
735 2915 861 2957 summa
875 2893 992 2974 ruinis,

150 2984 202 3033 330
214 2972 386 3056 Temperet
399 2973 523 3039 inuidia
536 2975 667 3062 frangat
681 2977 774 3042 dolor
787 2978 836 3042 ira
851 2977 1008 3060 quiescat:

217 3055 385 3140 Captiuam
400 3060 531 3144 repetit,
546 3062 693 3146 reginam
708 3062 808 3126 frater
821 3062 963 3126 honorat

220 3230 270 3279 300
288 3227 342 3281 Uel
360 3229 512 3282 misericois
531 3231 572 3282 sic
589 3249 659 3284 corr.
680 3231 749 3297 IMl
765 3238 821 3283 tum
874 3233 924 3284 300
943 3229 1118 3281 connubium

151 3296 201 3344 307
221 3295 365 3346 damnetur
382 3294 408 3360 (e
426 3299 452 3346 ιἰι
470 3297 574 3363 rasura)
592 3316 660 3354 corr.
679 3300 697 3348 Ι
703 3301 732 3350 Μ
786 3303 836 3351 308
855 3301 902 3364 qui
921 3299 1017 3349 Bueeh.
1032 3315 1062 3346 ιιι.
1074 3297 1116 3347 ιΙι.

150 3362 255 3423 turpem
272 3378 326 3412 cum
342 3365 504 3428 sequentibus
555 3368 604 3418 309
622 3367 744 3432 perculis
761 3384 829 3419 corr.
849 3368 864 3416 1
870 3367 901 3416 M
957 3368 1007 3416 317
1025 3365 1115 3426 Quam

151 3426 228 3487 Quae
247 3427 303 3478 IM
363 3433 410 3480 321
430 3431 582 3483 Thessalus
646 3436 696 3485 324
715 3433 883 3499 Steneluque
948 3434 997 3483 325
1016 3430 1116 3496 ulyxes

153 3493 201 3542 ρ26
219 3501 335 3559 surgant
353 3511 421 3547 corr.
441 3497 496 3550 IM
