2576 3936
197 175 238 238 26
529 174 818 227 EPITHALAMIUM

218 339 251 387 30
266 324 463 408 Dispensent
476 324 554 389 hinc
569 325 642 389 inde
657 323 759 388 melos
773 324 929 406 perflante
944 324 1072 390 flabello

261 410 305 473 Et
320 409 467 493 quatiant
482 409 590 474 dulces
605 408 718 473 Museo
732 409 860 492 pectine
876 408 1021 492 chordas,

261 494 306 558 Et
320 500 408 558 uocis
422 498 551 558 textura
565 497 659 558 sonet
672 493 829 577 neruique
844 494 1003 576 loquaces.

263 577 435 662 Bybliades
448 577 570 661 Satyris
581 579 718 662 iungant
726 576 951 661 Nymphisque
959 576 1169 660 Hymenaeos

261 662 306 727 nt
320 662 465 746 Dryades
478 663 598 745 passim
613 666 729 728 coeant
742 683 800 744 per
814 665 906 745 prata
921 659 953 725 N
955 662 1072 744 apaeiS,

214 761 246 810 35
263 747 402 812 Oreades
417 745 537 812 Faunis
551 748 690 832 iungant
704 750 737 810 et
750 745 871 810 Naidas
885 767 996 809 amnes

263 831 307 896 Et
322 830 457 896 Bacchis
474 831 620 914 copletur
634 833 736 895 Amor
751 853 808 914 per
825 834 928 894 castra
942 829 1079 912 Dionae,

264 915 366 982 Saltet
381 919 413 979 et
428 916 607 998 imparibus
623 915 753 979 calamis
768 915 838 980 Pan
853 914 1003 999 corniger
1017 914 1155 996 intrans

262 999 380 1065 Ebrius
395 1000 519 1063 interea
532 1003 626 1063 nutet
640 998 767 1064 Silenus
783 999 892 1081 asello,

266 1083 384 1148 Oscula
396 1087 570 1148 nectantur
585 1084 714 1148 calamis
729 1084 853 1147 imbuta
867 1083 983 1148 rosetis

214 1181 248 1230 40
261 1166 306 1233 Et
319 1189 421 1231 neruo
437 1171 587 1233 cantante
602 1172 696 1232 sonet
708 1189 796 1232 noua
810 1189 974 1232 murmura
988 1167 1112 1252 lingua,

263 1251 424 1316 Morsibus
440 1254 572 1318 alternis
588 1275 742 1337 suspenso
759 1252 854 1316 dente
868 1251 1028 1334 fruantur,

264 1336 376 1402 Gratia
391 1341 564 1403 uernentes
580 1338 728 1402 adnectat
741 1337 878 1420 pulchra
893 1336 1029 1418 dolores,

264 1419 359 1486 Casta
374 1421 534 1486 Pudicitia
548 1422 658 1486 stricto
674 1422 833 1506 placitura
847 1421 962 1484 marito

264 1504 413 1569 Floribus
429 1528 467 1570 ex
482 1507 581 1570 uariis
596 1510 684 1570 texat
698 1528 756 1590 per
769 1509 862 1589 prata
877 1526 1011 1570 coronas

213 1602 248 1651 45
262 1588 346 1653 Lilia
361 1591 462 1654 mixta
476 1591 558 1655 rosis
573 1591 699 1656 socians
713 1590 880 1673 uiolasque
895 1587 1087 1672 hyacinthis,

264 1672 425 1758 Purpuret
440 1679 472 1739 ct
486 1677 589 1740 niteat
603 1697 748 1760 gemmae
763 1675 905 1757 pallente
920 1673 1036 1736 rubore

265 1756 464 1843 Sardoasque
479 1761 569 1842 iuget
583 1759 685 1842 poclis
701 1759 906 1824 Sitifensibus
921 1749 1038 1820 herb'is.

265 1839 317 1905 Sic
331 1864 412 1924 puer
426 1842 546 1906 Idalios
560 1845 732 1926 permiscet
746 1843 842 1906 mella
858 1842 999 1923 uenenisr,

265 1923 317 1988 Sic
331 1947 405 1989 rosa
419 1927 571 1990 miscetur
586 1927 697 2010 spinis,
712 1926 871 1991 medicine
882 1925 1012 1990 cerastis

215 2021 249 2071 50
264 2008 434 2074 Perficitur
449 2009 651 2094 stimulisque
666 2011 758 2076 fanos
774 2013 844 2095 apis
861 2010 945 2075 alma
958 2012 1083 2073 tuetur:

264 2091 317 2157 Sic
331 2093 386 2178 pia
402 2095 571 2179 uirginitas
587 2117 655 2160 non
669 2096 796 2161 tollitur
812 2099 886 2159 ante
908 2093 1041 2179 pudoris

265 2176 438 2263 Unguibus
453 2179 588 2244 infensis
605 2203 701 2265 quam
716 2181 866 2245 uulnerat
881 2201 938 2242 ora
951 2177 1069 2261 mariti,

115 2277 144 2332 [a
157 2277 189 2330 n]
264 2261 308 2326 Et
321 2265 411 2346 prior
426 2268 500 2328 ante
516 2265 565 2329 sui
581 2265 700 2330 uindex
715 2270 763 2330 est
776 2265 846 2348 ipsa
861 2263 992 2346 cruoris,

265 2345 312 2411 Ut
327 2348 429 2412 discat
443 2371 548 2413 sacras
563 2350 702 2415 fecundo
719 2349 852 2414 uulnere
867 2349 1021 2411 flammas.

215 2442 247 2491 55
268 2429 320 2496 Sic
336 2433 418 2496 fiunt
433 2433 540 2498 dulces
555 2433 650 2498 modo
666 2435 806 2518 pignora
820 2431 938 2496 blanda
951 2433 1108 2515 parentes,

263 2514 309 2580 Et
324 2538 427 2600 genus
442 2517 620 2582 humanum
632 2519 678 2582 sio
693 2521 757 2582 stat
773 2518 832 2580 sub
847 2516 918 2601 lege
933 2537 1078 2600 perenm.

265 2598 328 2663 Tot
342 2601 429 2664 bona
439 2602 634 2682 proueniant
646 2602 773 2685 sponsis
780 2604 860 2684 quot
872 2603 983 2665 dextra
992 2601 1158 2683 parentum

269 2855 302 2903 30
320 2869 382 2904 cuce
405 2855 503 2904 scribas
521 2854 632 2907 labello.
658 2860 716 2908 uide
739 2859 845 2908 indicem
915 2858 946 2906 31
967 2855 1065 2906 cordus
1127 2857 1158 2907 33

201 2919 345 2970 Bibliades
405 2923 438 2972 34
456 2923 586 2974 cohibent
647 2926 679 2976 35
703 2941 796 2975 omncs
815 2941 883 2973 corr.
902 2923 1000 2974 Bueclr.
1069 2923 1099 2972 36
1116 2938 1158 2972 co·

200 2987 313 3052 puletur
341 2989 375 3049 cf.
399 2992 424 3038 d.
448 2991 496 3039 deo
529 2993 539 3038 l
564 2994 613 3043 407
637 3009 691 3042 cum
718 2995 826 3042 Arrualz'
854 2999 915 3041 uoto
983 2991 1016 3040 38
1047 2991 1158 3050 interea]

201 3059 283 3105 latere
306 3057 407 3105 uidetur
428 3061 478 3107 loci
498 3060 650 3122 sipnifiron‘o
673 3077 721 3125 quo
744 3062 819 3121 nefas
838 3063 884 3108 'est
905 3059 1013 3121 prodire
1042 3057 1114 3106 ebriis
1133 3063 1158 3106 ee

200 3126 296 3173 asellis.
326 3124 435 3174 interea
457 3133 497 3174 est
518 3127 585 3175 inter
609 3142 652 3177 eos
676 3127 795 3190 (Bacch.)
882 3128 915 3176 40
939 3119 1075 3188 ccidente
1097 3127 1159 3188 quod

200 3191 297 3254 scripsi
313 3191 408 3242 Bacch.
431 3200 567 3258 moposnrt
635 3195 803 3254 cononicus]
824 3210 842 3244 n
863 3195 940 3244 {itera
963 3198 1101 3244 atramento
1118 3191 1158 3242 ob·

202 3259 279 3307 ducta
301 3267 340 3309 eet
360 3259 364 3323 Ι
385 3260 520 3324 hiacyntis
588 3265 621 3314 47
639 3263 718 3312 iubet
736 3262 857 3327 posculis
875 3263 923 3311 sni
943 3259 1070 3312 sensibus
1085 3275 1158 3322 supra

203 3323 248 3373 cul
275 3331 301 3374 et
328 3327 389 3376 fene
411 3330 501 3392 literae
527 3335 553 3378 et
579 3338 637 3381 ante
664 3346 762 3380 uersum
784 3333 947 3395 corruptelae
969 3337 1045 3380 uotae
1065 3328 1157 3390 poeitae

200 3399 260 3440 sunt
327 3393 360 3444 48
382 3395 457 3446 bella
475 3411 543 3452 corr.
562 3397 658 3449 Buecb.
725 3400 759 3448 cc
777 3399 895 3448 cerastis
913 3413 982 3451 corr.
1002 3412 1036 3446 em
1054 3392 1156 3458 ccratijs

235 3461 268 3508 54
288 3460 385 3520 discat]
405 3463 488 3512 ducat
506 3464 601 3516 Bucen.
619 3467 755 3531 proposuit
