2610 3946
544 221 570 270 x
588 225 704 304 ss-ne
1062 223 1103 290 53

202 368 255 434 Ut'
263 369 404 454 pelagus·
413 371 546 436 caluisse
562 372 664 454 uidet,
689 373 759 436 ‘hic
774 373 892 458 aliger'
910 375 1024 458 inquit

147 466 187 515 90
201 453 281 518 ‘Hic
295 454 375 518 latet
388 453 521 520 Idalias.
548 456 603 520 sed
617 478 685 521 non
700 457 793 540 latet,
809 479 949 542 aequora
963 461 1101 528 seruent.

201 541 354 622 Agnosco
371 539 503 603 stridere
519 539 638 605 fretum
654 541 877 606 ceu'Phoebus
892 544 1026 609 anhelos

202 620 331 686 Oceano
346 622 456 687 demer
481 624 505 688 't
519 645 628 707 equos,
644 645 717 689 cum
733 647 795 689 noc
811 648 828 689 e
843 627 1027 725 propinqua
1108 667 1140 718 [o
1154 667 1190 717 30]

201 706 294 771 Luna
308 707 399 771 uenit
413 645 563 772 steilantc
577 709 654 792 polo
669 709 883 793 pendentibus
900 714 1002 776 astris.

201 789 274 854 Huc
289 790 379 874 ades,
396 812 414 855 o
430 792 549 856 lasciue
564 813 659 876 puer,
674 797 706 858 te
721 797 824 858 mater
838 795 958 878 ubique

149 885 184 934 95
201 873 333 949 Quaerit
348 879 381 940 et
395 896 412 939 e
427 877 551 940 cunctis
566 882 709 941 uestrum
724 899 775 942 me
790 878 879 942 misit
894 879 1061 945 alumnum

200 957 248 1023 Ut
261 959 373 1024 uenias
386 963 668 1043 parcentemora?
694 962 739 1026 sic
753 962 850 1027 fatus.
882 967 915 1026 at
929 963 984 1028 ille

199 1041 367 1108 Fluctibus
383 1067 400 1108 e
414 1043 527 1108 mediis
543 1066 677 1130 surgens
691 1047 844 1111 rutilante
860 1047 978 1130 capillo

200 1126 351 1214 Encussit
364 1150 423 1212 per
436 1129 533 1192 inane
549 1133 659 1213 caput,
675 1131 781 1212 quatit
794 1131 932 1216 impiger
947 1133 1013 1197 alas

200 1209 247 1276 Ut
260 1211 377 1294 pinnas
393 1212 529 1277 desiccet
544 1214 650 1297 aquis,
666 1215 763 1278 micat
777 1215 863 1300 ignis
878 1219 914 1279 ut
929 1220 1015 1280 astra

134 1305 187 1354 100
198 1295 368 1360 Plausibus
384 1318 533 1361 excussus
548 1298 655 1380 pueri,
671 1319 729 1380 per
744 1302 859 1362 cuncta
875 1299 1000 1363 uideres

200 1377 384 1445 Scintillare
400 1380 499 1463 diem,
520 1381 661 1446 uolitant
675 1403 771 1464 super
785 1403 925 1466 aequora
940 1382 1095 1448 flammae.

200 1461 253 1528 sic
268 1465 324 1528 ubi
338 1465 492 1548 puniceos
507 1465 643 1530 rutilans
658 1468 786 1530 Aurora
800 1464 934 1550 capillos

199 1545 346 1613 Pectinat
360 1553 435 1614 ante
451 1549 536 1613 diem
552 1571 633 1633 quae
649 1572 724 1614 mox
738 1550 911 1634 perfundet
924 1549 1039 1617 Eoum.

197 1631 345 1697 Phoenix
360 1634 429 1697 sols
444 1653 547 1718 genus
562 1634 652 1698 senio
668 1634 787 1698 lassata
801 1637 938 1717 uetusto,

134 1726 185 1774 105
199 1715 356 1781 Oinnama
368 1719 420 1782 eui
433 1717 549 1781 folium
561 1717 698 1782 nardum
711 1722 763 1782 tus
778 1719 921 1782 balsama
935 1739 1097 1798 amomum

197 1800 381 1865 informant
394 1806 469 1884 post
479 1802 584 1865 saecla
594 1823 706 1885 pyram
721 1803 872 1886 reditura,
893 1804 1075 1887 sepulcrum

199 1883 394 1950 Conscendit
408 1885 534 1950 factura
547 1907 644 1972 rogos
660 1890 693 1950 et
706 1887 855 1952 uerberat
869 1887 936 1951 alas

199 1967 246 2033 Ut
258 1968 403 2034 flammas
418 1969 573 2035 adsciscat
587 1971 656 2035 auis
663 2021 672 2054 ‚
689 1971 734 2036 sic
747 1972 891 2036 nascitur
906 1972 992 2056 ignis

197 2055 285 2117 Ante
300 2053 408 2118 alitem
424 2055 600 2119 ambrosios
615 2056 680 2118 iam
694 2059 941 2138 consumpturus
957 2055 1085 2120 odores:

134 2148 185 2196 110
197 2135 250 2202 Sic
265 2158 345 2221 puer
358 2137 478 2203 Idalius
493 2139 664 2222 spargebat
678 2138 842 2221 plausibus
856 2139 957 2222 ignes.

199 2220 301 2285 Piscis
316 2244 392 2286 aues
407 2226 553 2286 armenta
567 2243 664 2305 pecus
678 2221 748 2286 fera
761 2225 871 2305 pastor
887 2221 1041 2287 anhelant

196 2305 412 2390 Flammigero
428 2309 579 2390 surgente
594 2305 663 2370 deo.
686 2305 776 2370 uolat
789 2305 864 2370 inde
878 2327 936 2389 per
951 2305 1061 2370 altum.

197 2389 266 2452 Iam
278 2390 409 2454 uolueer
420 2412 488 2454 non
499 2390 580 2454 udus
592 2394 668 2472 erat,
684 2411 887 2474 quocumque
898 2390 1096 2474 propinquat

195 2476 265 2537 Aut
279 2473 472 2559 ubicumque
487 2474 559 2556 fuit,
575 2475 694 2538 blando
709 2475 836 2538 feruore
852 2478 988 2557 uaporat

133 2569 181 2619 115
194 2557 297 2633 Quem
311 2558 456 2641 sequitur
470 2559 611 2622 uernalis
627 2558 715 2641 odor,
730 2559 784 2622 uia
798 2558 934 2642 pulchra
948 2580 1094 2624 rosarum

196 2640 353 2707 Tenditur
368 2645 399 2706 et
414 2643 517 2707 uiolas
531 2642 689 2725 pallentes
705 2642 839 2707 candida
853 2643 950 2727 peplo

195 2724 280 2789 Lilia
295 2725 478 2810 distingunt
492 2747 530 2790 ac
545 2727 643 2792 florea
658 2728 771 2792 semita
785 2729 912 2810 crescit,

195 2808 387 2874 Persulcans
401 2831 460 2894 per
474 2811 571 2875 inane
585 2811 679 2894 polos
693 2811 792 2877 micat
807 2811 913 2876 orbita
927 2811 1052 2876 florum.

196 2891 310 2978 cypris
326 2894 504 2959 odoriferos
521 2896 621 2958 sensit
635 2895 775 2980 fraglare
791 2895 934 2959 uolatus:

197 3117 230 3166 93
252 3114 448 3182 pendentibus]
466 3117 508 3182 cf.
533 3117 558 3166 d.
578 3118 603 3166 d.
627 3115 661 3165 II
683 3119 700 3164 6
721 3113 843 3181 pendula
866 3115 965 3170 sidera.
1003 3115 1094 3180 splen-

128 3181 259 3232 dentibus
276 3185 364 3234 inutile
416 3187 449 3235 98
466 3185 548 3233 niune
606 3185 656 3234 103
673 3181 823 3248 Pectniatl
840 3183 989 3248 perfundat
1045 3185 1095 3234 105

128 3247 257 3300 Omnrms
280 3267 328 3300 zano
351 3254 442 3303 calami
463 3253 540 3302 ductu
556 3252 678 3314 emptum
699 3259 725 3300 et
748 3253 813 3302 lectu
834 3251 964 3312 difficilius
986 3251 1094 3316 ideoque

128 3317 235 3383 deesty
297 3320 346 3368 106
364 3320 440 3370 secla
455 3317 460 3384 Ι
475 3318 649 3383 sepulchrum
713 3319 762 3367 108
776 3319 902 3390 ¹asciscat
918 3319 966 3367 sed
983 3316 1000 3366 d
1017 3319 1095 3368 litero

127 3437 234 3551 oppinio
253 3443 291 3486 est
362 3439 409 3488 109
427 3436 499 3486 Ante
524 3435 620 3486 alitem
643 3437 689 3486 uix
710 3450 798 3485 sarcum
876 3436 924 3486 113
946 3395 1086 3500 uolucreit

127 3516 257 3552 uoueret
275 3521 291 3569 p
