2576 3936
511 214 540 264 II
558 215 640 264 1-59

161 365 265 450 Uirgo
280 364 372 428 ferox
388 383 480 446 sexu,
494 362 599 447 fugiet
615 361 763 446 uiresque
779 361 907 426 fatiscet

104 465 142 513 30
157 449 205 515 Ut
223 449 307 514 solas
322 451 439 512 tractet
452 447 570 511 reiecta
585 447 715 529 cuspide
729 446 829 510 lanas.

159 535 280 600 Noster
295 532 397 598 Sirius
412 535 461 596 est
474 530 577 596 ardor.
610 530 782 613 Neptunus
797 529 951 614 anhelans

159 621 298 683 Aestuet
311 617 397 680 inter
411 637 509 698 aquas
523 616 589 679 telo
604 615 788 679 flammante
803 636 860 697 per
875 615 994 697 undas,

86 709 88 714 ’
159 703 241 788 Igne
255 723 328 766 meo
347 701 519 764 uincentur
533 721 649 783 aquae,
670 698 870 764 fumantibus
885 698 979 762 undis

160 787 309 851 Tritones
325 784 474 866 Galatea,
489 783 609 847 Thetin
623 783 789 866 delphines
804 784 974 847 amabunt:

106 885 142 933 35
160 870 322 954 Quidquid
335 868 451 932 fluctus
466 867 564 932 habet
579 871 684 954 totum
699 867 856 931 succendo
871 867 1042 950 pharetris.

160 953 250 1036 Siue,
265 975 396 1037 parens,
413 956 506 1036 optas
519 951 667 1016 homines
681 952 733 1016 his
747 952 877 1036 ignibus
892 956 981 1016 ustos

160 1039 307 1104 Inlioitos
322 1037 445 1101 uiolare
459 1040 548 1101 toros
555 1086 564 1119 ‚
580 1040 698 1100 utnon
712 1037 767 1119 pia
782 1036 884 1119 patris

160 1122 279 1188 Oscula
291 1126 368 1186 nata
382 1124 473 1205 petat
486 1142 545 1184 nec
560 1124 655 1185 natus
669 1121 780 1184 matris
795 1124 920 1184 amator
1069 1141 1102 1190 u.
1116 1137 1142 1185 ³]

143 1243 145 1247 ·
158 1207 261 1272 Dulce
275 1207 367 1270 nefas
382 1205 492 1288 cupiat
505 1205 606 1269 frater
619 1205 776 1288 uitietque
792 1225 935 1269 sororem

108 1305 143 1353 40
158 1292 379 1374 Priuignoque
394 1311 452 1354 suo
467 1290 610 1372 potiatur
622 1289 741 1353 blanda
754 1309 910 1352 nouerca:

160 1373 253 1438 Alter
268 1374 328 1438 erit
342 1372 493 1438 Perdicca
506 1373 618 1437 furens
633 1376 728 1455 atque
744 1373 845 1436 altera
859 1372 1007 1455 Myrrha,

159 1459 306 1543 Iuppiter
320 1458 401 1522 alter
415 1458 476 1522 erit
489 1458 582 1522 terris
598 1457 636 1520 de
651 1458 749 1521 fratre
765 1456 910 1520 maritus.

158 1543 265 1607 Perua
278 1542 402 1626 loquor.
432 1547 541 1626 tauro,
557 1542 584 1606 si
599 1542 744 1622 iusseris,
760 1542 862 1605 altera
876 1541 961 1626 regis

158 1627 356 1692 Flammetur
371 1627 489 1690 coniux
503 1625 653 1691 reddetur
667 1630 700 1689 et
714 1626 816 1689 altera
829 1624 998 1689 Phaedra)

108 1725 141 1772 45
157 1713 203 1775 At
216 1711 268 1775 his
281 1710 367 1774 laeta
381 1709 493 1774 Uenus
509 1710 601 1774 uultu
616 1713 739 1774 mutata
751 1712 911 1772 renarrat:

160 1795 329 1880 ‘Impubes
343 1795 462 1859 lasciue
477 1816 557 1878 puer
571 1795 623 1858 cui
638 1795 781 1858 subiacet
796 1814 891 1857 omne

160 1878 253 1955 Quod
267 1882 386 1955 natura,
397 1884 498 1956 creat,
515 1879 638 1943 caelum
653 1900 740 1942 mare
756 1877 860 1942 sidera
874 1876 974 1941 tellus
978 1927 987 1961 ‚

158 1964 262 2029 Nemo
277 1967 370 2028 notet
381 1961 542 2028 Uenerem
554 1963 641 2047 quod
651 1963 786 2046 supplex
797 1965 899 2026 mater
911 1983 1057 2025 amorum

157 2047 248 2134 Ignis
263 2067 357 2130 opem
374 2048 412 2111 de
426 2048 517 2131 prole
533 2051 636 2132 rogat.
671 2069 747 2111 nam
761 2067 893 2110 munere
909 2046 944 2109 in
958 2045 1022 2110 isto

109 2145 142 2192 50
158 2131 311 2207 Quamuis
322 2132 365 2195 sit
376 2132 554 2196 communis
565 2131 671 2195 honor
681 2135 800 2213 tamen,
813 2130 904 2206 alme,
917 2128 1057 2194 fatemur

162 2215 244 2280 Hinc
253 2238 379 2296 numen
393 2216 466 2299 plus
481 2237 574 2299 posse
588 2219 690 2279 tuum.
721 2215 863 2277 lamenta
877 2213 1021 2295 parentis

159 2299 194 2364 Si
208 2299 314 2382 placet
327 2300 454 2384 ulcisci,
470 2300 580 2383 paucis
595 2299 741 2379 aduerte,
757 2297 895 2361 docebo:

157 2382 390 2466 Nympharum,
401 2407 482 2468 puer
492 2384 583 2466 alme,
598 2383 714 2447 choms
722 2382 797 2446 dum
807 2403 907 2464 pensa
916 2380 1057 2444 reuoluit

158 2459 258 2531 Penei
274 2468 332 2532 sub
347 2468 438 2532 fonte
454 2469 504 2533 sui
522 2506 556 2516 -
574 2467 675 2551 pudet
689 2489 743 2531 ore
758 2467 878 2530 referre
893 2503 935 2514 -

111 2565 142 2613 55
158 2550 242 2616 Solis
257 2556 364 2618 amata
377 2553 465 2618 canit
480 2552 631 2701 OEipmene
646 2573 717 2615 mea
732 2551 867 2615 crimina
881 2549 1041 2633 Nymphis

157 2635 273 2720 Meque
285 2658 343 2701 suo
355 2658 506 2720 prensam
550 2636 685 2720 ymphas
699 2640 811 2700 monet
825 2634 930 2699 indice
942 2633 1027 2717 Sole,

158 2719 359 2804 Uulcanique
375 2725 493 2786 sonant
509 2722 638 2805 captiuo
653 2720 758 2785 Marte
774 2724 913 2786 catenas.

158 2802 236 2878 Quis
251 2805 361 2869 audire
375 2805 455 2870 libet
469 2805 507 2869 de
521 2810 633 2870 nostra
648 2805 737 2869 clade
752 2808 930 2868 canentem.

158 2886 219 2953 Sed
234 2889 260 2953 si
277 2887 315 2953 de
329 2889 424 2954 nobis
442 2893 526 2954 certe
543 2893 671 2953 cantare
687 2889 850 2972 placebat,

161 3027 193 3075 29
212 3026 318 3076 fatetur
330 3029 399 3092 quod
412 3030 489 3092 posui
501 3031 634 3093 temptauit
644 3028 741 3078 Bacch.
797 3029 830 3077 30
842 3026 917 3076 solus
932 3024 935 3091 l
950 3029 1057 3076 retecta

96 3096 127 3144 31
145 3093 232 3142 sireus
248 3091 252 3156 Ι
268 3100 366 3144 auctor
388 3111 457 3145 corr.
476 3095 570 3146 Bueclz.
588 3094 592 3159 Ι
607 3096 770 3161 Neptunnus
845 3095 877 3144 36
902 3093 933 3142 Si
956 3107 1058 3156 parens

94 3161 398 3279 terramala
413 3162 847 3294 ‘tltettttmtttttla
870 3159 1058 3276 ⁰⁰t1tt⁰t

93 3297 127 3345 45
141 3245 261 3356 donfcrar
277 3295 318 3346 IX
336 3298 369 3347 89
417 3246 479 3347 Ρ46
496 3247 643 3362 Ιωριιᾶζιιε
664 3313 731 3348 corr.
750 3296 847 3345 Bacch.
920 3295 954 3344 48
977 3298 1058 3343 notat

94 3379 158 3414 corr.
174 3363 271 3413 Bacch.
332 3366 366 3414 49
385 3379 464 3429 opem
480 3379 548 3414 corr.
570 3381 605 3414 ece
623 3379 690 3429 opes
754 3363 952 3412 consocerum
971 3363 1058 3411 eodem

95 3446 141 3496 quo
157 3445 247 3482 uersus
265 3429 297 3482 10
314 3433 388 3482 modo
405 3435 514 3498 maryioi
530 3435 676 3495 adscriptas
693 3432 851 3494 numerhque
869 3436 1001 3493 coemptus
1019 3434 1058 3476 est

95 3499 127 3548 54
143 3499 246 3549 Poenei
315 3500 349 3550 55
367 3498 489 3550 Ctimene
558 3501 591 3551 58
610 3501 684 3562 Quas
702 3513 772 3549 corr.
791 3497 887 3547 Bacch.

819 3584 853 3631 11
