2576 3936
168 246 214 312 '38
579 245 732 298 HELENA

174 398 352 462 2351155555
368 419 516 482 proceres
533 400 598 461 tres
613 400 720 460 tecum
733 417 866 481 pergere
882 397 996 462 saltem

238 482 377 566 Imperio
394 481 532 546 concede
546 503 634 563 mec,
650 481 832 546 ueneranda
847 486 996 547 senectus

239 566 452 650 Praecipitem
466 566 574 631 frenat
588 565 720 630 monitis
735 587 793 648 per
809 570 925 631 cuncta
939 567 1120 632 iuuentam.

237 651 397 736 Egregios
412 652 545 716 comites
559 653 718 734 praestem
733 651 807 732 tibi,
823 650 947 715 lumina
963 653 1071 736 gentis

237 735 377 800 Hectore
416 736 536 800 raelato
552 736 604 800 cui
618 738 688 800 tota
701 735 848 818 potentia
863 735 962 800 cedit:

174 833 225 881 240
236 822 386 885 Antenor
428 819 591 902 olydamas
607 823 702 884 erunt
715 819 905 904 iuuenisque
920 819 1047 885 Dionae

238 906 365 968 Aeneas
380 908 537 989 cognatus
552 904 670 969 adest'
700 905 746 969 sic
760 904 857 968 fatus.
888 908 920 968 55
935 926 1047 970 omnes

238 988 287 1054 Ut
300 989 434 1052 ueniant
447 1011 504 1052 rex
518 989 587 1072 ipse
601 989 691 1053 iubet
704 993 897 1072 properante
912 990 1072 1054 ministro.

239 1071 320 1137 (lum
336 1072 468 1136 ducibus
483 1073 566 1136 redit
580 1073 648 1156 ipse
663 1073 777 1137 uolans
792 1073 833 1137 ad
847 1077 932 1138 tecta
947 1074 1074 1138 satelles

238 1156 356 1240 Regia,
373 1161 574 1240 cognoscunt
609 1179 734 1222 roceres
749 1180 814 1242 quo
829 1158 903 1222 uela
917 1161 1089 1243 parantur,

84 1258 116 1306 [1.
125 1259 160 1310 rr]
175 1252 225 1301 245
237 1240 269 1306 N
271 1263 306 1305 ec
321 1262 426 1324 mora,
442 1179 661 1306 conscendunt
674 1264 798 1326 puppes
814 1246 846 1307 et
864 1243 961 1308 litora
975 1243 1141 1328 linquunt.

238 1325 391 1391 Dardana
405 1326 469 1390 iam
485 1326 594 1390 classis
609 1326 763 1391 Tenedon
777 1328 952 1411 transibat,
970 1328 1111 1411 Abydon

238 1412 284 1475 Et
299 1409 414 1476 Seston
430 1410 551 1498 dimisit
564 1411 657 1494 aquis
672 1431 846 1495 saeuasque
861 1412 998 1496 Maleas,

239 1496 307 1560 Iam
324 1494 488 1559 Salamina
502 1494 615 1559 uident
628 1495 816 1560 Telamonia
829 1517 931 1581 regna
944 1501 1102 1580 petentes.

241 1579 287 1644 Ut
301 1583 432 1664 portum
446 1580 581 1665 tetigere
596 1583 695 1663 rates,
710 1602 787 1644 mox
801 1602 921 1646 ancora
935 1582 1067 1646 mordet

177 1677 227 1725 555
241 1664 333 1729 Litus
348 1669 381 1729 et
394 1665 545 1729 inuentae
559 1665 680 1729 ferrum
695 1664 861 1748 pertundit
874 1665 1021 1734 harenas

238 1749 405 1833 Puppibus
421 1749 551 1814 adnexis
566 1753 683 1813 terram
699 1749 840 1814 Troiana
853 1750 1005 1814 iuuentus

239 1833 283 1897 Et
297 1855 445 1916 proceres
459 1835 580 1916 petiere
596 1835 700 1898 simul.
731 1835 787 1898 sed
800 1835 885 1918 regis
901 1834 941 1897 ad
956 1835 1062 1898 aulam

240 1917 437 2000 Linquentes
453 1939 528 1981 mox
543 1918 619 1982 litus
635 1922 723 1982 eunt.
754 1940 834 2001 quos
852 1919 935 1983 susci
959 1919 986 1983 it
1000 1919 1096 1984 heros

239 2000 391 2084 Hospitio
407 2001 572 2067 Telamon.
602 2023 709 2066 ramos
724 2002 904 2067 frondentis
920 1942 1024 2068 olinae

82 2095 84 2100 '
107 2095 110 2100 “
175 2098 225 2147 555
238 2086 409 2152 Portantes
425 2087 465 2150 ad
479 2089 567 2153 tecta
581 2086 669 2151 ducis
684 2087 742 2151 sub
758 2088 898 2172 imagine
913 2088 1001 2171 pacis

239 2171 271 2236 N
273 2192 317 2235 on
331 2193 443 2255 pacem
459 2172 514 2236 sed
528 2172 613 2237 bella
628 2175 759 2256 gerunt,
778 2194 854 2236 nam
870 2172 956 2236 dicta
970 2173 1127 2238 tenebant

240 2256 328 2332 Quae
343 2260 475 2339 possent
489 2279 612 2321 armare
627 2257 733 2320 uirum
749 2257 812 2320 nisi
827 2257 897 2321 iura
912 2261 1060 2321 uetarent

239 2341 382 2425 Hospitii
397 2363 479 2425 quae
494 2363 589 2407 nemo
605 2345 698 2425 parat
712 2341 833 2405 uiolare
849 2341 1020 2405 modestus.

239 2425 287 2490 Re
312 2448 328 2490 5
344 2426 482 2490 salutato
498 2430 667 2509 postquam
683 2425 802 2510 legatio
818 2426 933 2491 Troiae

176 2523 226 2572 260
239 2447 343 2594 sedit,
360 2514 392 2574 et
406 2513 554 2576 Antenor
568 2510 694 2593 placida
710 2509 754 2574 sic
769 2532 849 2575 uoce
863 2511 1025 2595 profatur:

240 2595 456 2678 ‘Troiugenas
471 2616 619 2677 proceres
635 2598 667 2658 et
680 2595 766 2679 regis
780 2595 898 2680 pignus
913 2594 953 2658 ad
969 2594 1090 2677 aulam,

239 2677 309 2742 Rex
323 2678 494 2760 Telamon,
510 2679 636 2742 uenisse
651 2684 740 2743 555511
756 2701 837 2762 quae
852 2701 948 2742 causa
962 2678 1069 2762 coegit

238 2763 407 2827 Insinuare
423 2761 528 2826 decet:
553 2764 580 2826 si
595 2763 724 2827 iusseris
739 2763 823 2846 ipse,
838 2763 1012 2846 loquentur

239 2846 413 2914 Consortes
427 2869 515 2912 nunc
530 2869 585 2912 ore
600 2869 671 2912 meo
687 2847 740 2911 uel
755 2847 844 2931 regia
858 2847 973 2930 proles.

175 2944 225 2994 255
237 2931 437 2996 Dardanides
452 2933 599 2998 Priamus
613 2932 720 3017 gentis
736 2935 903 3014 reparator
918 2935 951 2994 55
967 2930 1053 2994 urbis

240 3015 343 3092 Quam
355 3022 478 3106 uestras
489 3019 659 3101 populasse
670 3038 784 3081 manus
795 3015 979 3079 meminisse
990 3014 1139 3098 fatemur,

243 3209 293 3260 237
316 3207 467 3258 uiurentam
489 3223 559 3260 corr.
579 3207 628 3258 IM
662 3207 664 3212 '
711 3208 762 3257 238
780 3211 829 3256 tue
847 3221 915 3256 corr.
933 3204 1030 3254 Bueclr.
1052 3204 1139 3253 11555.

174 3276 225 3324 240
247 3275 406 3326 Polidamas
422 3273 426 3340 Ι
441 3275 531 3325 Dione
615 3276 665 3324 243
684 3275 743 3324 redi
766 3289 835 3326 corr.
858 3272 908 3322 IM
993 3273 1044 3321 244
1066 3270 1141 3321 bella

175 3357 243 3392 corr.
263 3341 358 3394 Buect.
427 3344 478 3392 246
496 3341 587 3392 ahdon
605 3357 674 3392 corr.
695 3341 741 3391 IM
811 3343 859 3390 247
878 3340 959 3403 aqius
977 3354 1047 3389 corr.
1066 3338 1117 3387 IM
1134 3337 1139 3398 Ι

174 3421 262 3457 55555
284 3425 364 3459 uacuo
382 3417 410 3459 nl
430 3412 532 3460 uidetur
552 3413 639 3474 spatio
660 3416 751 3471 postea
772 3410 928 3472 inscriptum.
964 3419 1064 3454 curuos
1088 3404 1105 3453 1
1111 3404 1143 3454 M

176 3475 226 3524 260
244 3475 348 3524 inuitas
365 3476 463 3527 Bueclr.
480 3494 510 3530 m.
523 3477 562 3530 rh.
614 3477 664 3526 259
682 3474 801 3525 solutato
819 3489 889 3523 corr.
909 3472 957 3520 IM
1009 3473 1059 3522 260
1075 3471 1140 3534 sort.

174 3539 292 3592 Sederat
352 3544 402 3592 262
418 3543 550 3594 Telamon
610 3544 660 3593 263
679 3542 761 3592 decet
778 3545 807 3592 et
824 3541 849 3590 si
865 3538 980 3588 uisseris
998 3553 1069 3589 corr.
1087 3537 1104 3586 1
1109 3537 1144 3586 M
