2610 3946
214 206 256 270 aa
584 207 714 260 uanae

278 357 388 420 Aeetia
403 356 537 421 immitis
550 356 661 420 forsan
675 355 864 420 mactandus
878 354 919 418 ad
933 375 1014 419 aras.

229 453 263 502 co
276 439 375 524 Eripe
391 439 556 524 captiuum
570 440 712 504 retinent
726 460 821 523 quem
836 439 924 503 mille
939 443 1081 523 catenae,

278 522 373 588 Mitte
386 524 608 609 pharetratum
622 543 767 608 puerum,
783 545 855 588 mea
869 523 998 607 Cyprio,
1013 525 1186 608 Amorem,

128 609 158 660 [p.
172 610 206 660 79]
277 607 358 693 Igne
372 612 429 674 tuo
444 610 607 674 flammata
621 608 714 672 cadat
727 606 902 672 furibunda
915 609 1039 692 unago,

276 692 390 758 Discat
403 714 510 758 amare
523 693 624 776 furor,
639 692 769 756 tandem
784 691 827 755 sit
840 691 959 755 blanda
972 693 1134 776 sacerdos,

277 776 412 860 Templa
425 778 628 860 pharetratae
643 779 829 841 contemnat
843 776 936 859 uirgo
952 774 1087 860 Dianae,

230 873 262 921 65
276 860 443 944 Despiciat
457 861 590 925 delubra
604 861 690 925 deae.
716 861 794 925 licet
807 861 977 924 immemor
991 864 1095 924 exstet

276 943 456 1030 Religionis
471 966 563 1010 amor
576 945 711 1010 timeant
725 965 784 1008 nec
798 943 923 1007 fulmen
937 947 1091 1028 amantea,

277 1027 322 1091 Te
338 1028 440 1092 solam
455 1031 548 1112 putet
562 1049 629 1092 esse
645 1028 746 1111 deam,
761 1032 793 1092 te
807 1048 928 1092 numen
943 1027 1063 1112 adoret,

276 1110 325 1174 Te
337 1115 460 1175 metuat
473 1112 645 1178 metuenda
659 1113 740 1195 deis,
753 1115 786 1176 te
801 1111 921 1176 iudicet
935 1132 1033 1175 unam

277 1193 380 1270 Quam
394 1216 481 1260 mare
497 1218 593 1280 qnam
613 1197 708 1260 tellus
724 1218 820 1279 quam
840 1195 1112 1344 nnmitqathrrrncta
1132 1196 1183 1261 fa-

955 1300 978 1343 n

227 1375 261 1424 το
273 1362 414 1447 Imperio
430 1365 574 1429 subiecta
587 1369 644 1428 tuo
659 1386 717 1447 per
730 1364 852 1448 templa
865 1385 924 1448 per
938 1385 1009 1428 aras

275 1447 356 1513 Esse
370 1449 575 1532 uoluptatum
589 1448 767 1531 dominam,
783 1470 864 1531 quae
879 1449 975 1513 eorda
988 1450 1134 1531 parentia

276 1530 394 1596 Flectis
409 1536 441 1596 et
455 1536 586 1596 exutum
601 1532 667 1596 telo
682 1531 838 1596 candente
852 1532 1034 1597 Tonantem

275 1614 441 1700 Despiciat
454 1639 506 1680 me
521 1638 616 1700 saepe
629 1617 720 1700 iubes
735 1637 795 1681 nec
809 1620 915 1681 castus
929 1615 1103 1700 Olympum

275 1699 454 1785 Destituat,
470 1701 513 1765 sit
526 1705 564 1765 ut
578 1700 680 1765 imber
696 1701 781 1785 olor,
797 1701 970 1765 bacchetur
984 1701 1119 1785 adulter,

226 1794 258 1843 '15
273 1781 336 1846 Uel
352 1804 553 1870 quecumque
567 1807 675 1849 meum
689 1785 810 1867 placuit
824 1789 947 1850 mutare
962 1785 1124 1858 maritum.

274 1865 308 1930 N
309 1887 352 1929 on
368 1887 499 1949 queror:
516 1868 710 1932 Aesonidem
725 1872 852 1933 tantum
866 1874 942 1952 peto
956 1869 1024 1934 filia
1038 1871 1125 1954 regis

273 1949 307 2014 N
308 1971 371 2014 unc
386 1955 472 2014 amet
486 1955 518 2016 et
532 1951 649 2035 laudet,
665 1973 741 2016 mox
755 1953 841 2017 hunc
856 1953 995 2037 suspiret
1010 1954 1142 2019 anhelet

276 2032 377 2108 Quem
392 2037 531 2100 mactare
545 2040 652 2120 parat,
668 2037 775 2102 soluat
789 2038 912 2102 ceruice
928 2042 1056 2102 catenas

275 2117 472 2202 Torpescens
487 2123 610 2185 armata
623 2142 747 2205 manus,
763 2122 815 2187 cni
830 2121 961 2186 brachia
975 2121 1094 2186 collum

225 2215 260 2264 80
275 2202 491 2288 Circumdent‚
509 2210 661 2270 etmuero
677 2204 770 2270 cadat
783 2207 911 2270 ieiunus
926 2207 964 2270 ad
981 2215 1074 2270 araa’

273 2286 418 2352 Finierat
432 2291 580 2354 matrona
593 2287 691 2353 Ionia.
722 2290 767 2354 sic
783 2312 856 2356 orsa
869 2289 993 2354 Dione:

275 2369 345 2435 ‘Me
360 2370 521 2437 Uenerem
534 2394 595 2456 me,
610 2373 702 2454 luno,
719 2373 809 2438 decet
823 2396 884 2458 me,
895 2374 1013 2439 blanda
1023 2395 1177 2460 nouerca,

273 2454 412 2539 Imperio
428 2478 539 2539 parere
554 2462 626 2521 tuo:
643 2456 720 2541 quid
734 2458 829 2541 plura
842 2457 1034 2542 loquemur?

275 2536 421 2603 Oderunt
434 2562 507 2604 mea
521 2545 626 2606 castra
638 2549 768 2606 moras?
798 2543 843 2608 sic
857 2542 926 2607 fata
941 2541 1078 2626 Cythera

224 2633 257 2681 85
273 2619 406 2695 Quaerit
420 2624 627 2688 amorifernm
642 2647 699 2707 per
713 2629 783 2690 tota
795 2627 919 2691 rosaria
933 2630 1055 2691 natum.

273 2702 332 2767 Ille
347 2705 421 2768 deas
436 2707 529 2788 ponti
544 2708 609 2772 telo
625 2708 810 2776 flammabat
825 2711 861 2774 in
875 2710 970 2774 undis

273 2786 428 2853 Maternis
442 2791 617 2856 submissus
632 2793 734 2876 aquis,
763 2793 970 2878 Hymenaeus
984 2794 1025 2858 ad
1039 2795 1133 2858 illum

272 2871 424 2938 Mittitur.
453 2874 530 2940 huic
544 2875 660 2940 fluctus
674 2878 817 2961 produnt
829 2879 1029 2944 fumantibus
1043 2878 1149 2943 undis.

276 3075 435 3128 aeternos
457 3083 544 3130 uererer·
564 3085 726 3145 corruptelae
749 3089 809 3133 noto
830 3086 951 3148 praefixa
969 3087 1007 3132 ert
1074 3082 1108 3131 65
1127 3097 1173 3131 ex·

208 3148 266 3194 stat
282 3162 349 3197 corr.
369 3145 467 3200 Bueclr.
489 3162 567 3212 neque
586 3149 649 3196 enim
667 3146 735 3198 licet
755 3153 901 3214 particulae
922 3151 1085 3201 indicativum
1103 3150 1173 3198 Dra·

207 3217 305 3263 contrua
322 3213 449 3279 urbiunpr‘t
465 3215 516 3264 ulei
531 3215 557 3264 r'n
568 3215 698 3278 prioribus
716 3218 867 3268 carminibus
879 3235 943 3284 quae
960 3217 1055 3280 puerili
1072 3218 1171 3266 calamo

207 3295 223 3328 a
239 3281 403 3342 prommulico
421 3295 467 3332 auo
479 3283 586 3334 nondum
598 3285 662 3333 ratis
678 3287 806 3348 perpolito
824 3287 959 3350 scripsisse
976 3285 1078 3350 uidetur
1095 3290 1174 3348 acque

206 3345 272 3394 idem
289 3349 359 3396 eadit
376 3350 403 3398 iu
415 3347 615 3402 deliberatiuam.
634 3350 669 3413 cs.
680 3349 720 3399 IX
732 3353 782 3401 211
800 3354 852 3403 uid.
864 3354 971 3404 indicem
1022 3351 1055 3402 66
1073 3350 1173 3400 timent

206 3427 275 3463 corr.
295 3412 391 3467 Buect.
459 3418 493 3467 '14
510 3416 651 3467 Destituet
668 3433 736 3470 corr.
750 3417 845 3470 Bueclr.
915 3421 947 3470 76
966 3419 1154 3484 quodcumque

207 3479 240 3528 76
257 3478 407 3529 Esonidem
464 3484 496 3532 77
515 3483 630 3533 anhelat
690 3485 723 3535 88
741 3485 814 3536 hunc
832 3486 1006 3540 emanent.
