2576 3936
462 201 678 283 palarmo.
1037 250 1061 297 v

98 373 204 449 opus
233 349 310 434 quid
337 348 424 412 aliud
450 347 549 411 fuerit
576 349 672 438 atque
700 348 830 412 minora
858 352 969 413 nostra
995 370 1061 414 car·

96 457 188 500 mma
214 455 282 499 non
309 431 412 497 video.
457 433 501 494 At
523 452 564 495 ue
597 431 720 500 eadem.
739 433 882 496 earmina
912 438 1056 516 spectare

94 520 249 584 videntur
275 517 374 581 verba
402 517 437 579 in
464 513 513 579 Bo
537 515 634 579 iensis
661 516 874 581 bibliothecae
908 518 1055 603 catalogo

95 604 175 668 anni
197 602 312 686 1461⁷)
335 600 428 664 haec:
464 599 633 664 ‘Draconti
654 600 818 664 cuiusdam
832 602 1056 667 versificatoris

93 691 299 752 tractatus
327 685 361 749 in
389 683 543 748 versibus.
571 684 606 747 in
633 683 727 748 litera
754 685 960 770 langobarda.
994 708 1057 750 me·
1100 731 1107 741 .

98 773 181 836 dioc.
204 770 286 834 voh'
308 769 450 833 ‘Verum
473 789 568 851 quem
599 775 884 834 commemoratum
913 771 1059 835 videmus

97 857 134 920 in
156 859 263 919 vetere
285 852 403 917 saeculi
425 852 540 916 decimi
562 852 710 937 catalogo
733 852 887 918 Bobiensi
901 854 1059 919 Draconti

92 940 209 1023 liberS)
231 943 339 1002 utrum
361 941 473 1001 nostra
499 936 642 1000 earmina
668 937 865 1002 continuerit
886 961 928 1002 an
949 938 1059 1002 laudes

91 1023 156 1088 Dei
171 1027 203 1087 et
218 1021 477 1099 satisfactionem
491 1058 533 1068 -
549 1041 628 1104 quas
640 1020 737 1085 Bobii
754 1021 853 1086 fuisse
871 1027 993 1088 certum
1012 1027 1060 1086 est

92 1130 167 1172 eum
188 1107 331 1171 imitatus
353 1107 395 1170 sit
415 1105 635 1171 Columbanus
656 1105 691 1168 in
713 1107 849 1188 epistola
874 1107 914 1171 ad
935 1106 1058 1171 Hunal·

93 1193 204 1276 duml)
219 1230 261 1240 —
280 1190 342 1254 hac
370 1190 409 1254 de
436 1211 472 1254 re
493 1211 534 1252 ne
558 1189 774 1254 coniecturam
802 1191 931 1275 quidem
952 1191 1058 1256 faeere

92 1276 212 1340 licebit.
257 1274 481 1339 Pervetustum
511 1293 586 1336 sane
609 1278 641 1336 et
663 1274 734 1338 labe
756 1276 875 1358 passim
897 1275 1058 1340 adfectum

92 1361 192 1423 fuisse
220 1380 293 1422 eum
321 1359 440 1423 librum
462 1357 546 1421 unde
573 1361 684 1421 noster
704 1358 848 1442 fluxerit,
871 1360 904 1423 id
926 1359 1058 1422 minime

92 1444 226 1508 dubium
249 1442 310 1507 erit
331 1442 361 1506 ei
391 1442 447 1526 qui
475 1442 606 1505 lacunas
634 1441 670 1504 in
696 1442 790 1507 initio
819 1443 870 1507 vel
898 1443 963 1506 fine
992 1464 1061 1506 ver-

94 1550 188 1591 suum
216 1527 341 1610 saepius
363 1527 512 1590 inventas
534 1525 798 1592 consideraverit:
828 1527 866 1592 de
889 1528 959 1610 ipso
984 1547 1059 1590 vero

94 1612 267 1696 archetypo
283 1611 378 1695 quale
399 1609 498 1674 fuerit
513 1610 591 1674 certi
606 1611 781 1694 quidquam
802 1610 985 1695 proferendi
1008 1632 1059 1674 eo·
1107 1623 1110 1638 “

93 1697 148 1780 pia
169 1716 256 1760 nune
278 1695 406 1778 quidem
428 1693 503 1758 data
523 1714 591 1757 non
613 1698 671 1777 est,
693 1716 797 1778 neque
820 1700 929 1760 tamen
952 1695 1058 1758 omnis

68 1789 71 1795 '
91 1801 164 1863 spes
186 1779 353 1844 abicienda
374 1778 500 1842 videtur
521 1777 592 1842 fore
613 1781 650 1842 ut
671 1777 780 1862 aliquo
803 1780 838 1843 in
860 1778 979 1864 angulo
994 1777 1058 1842 Ita·

90 1865 154 1928 liae
177 1867 233 1928 aut
254 1862 333 1927 adeo
356 1863 391 1926 in
413 1863 538 1926 scriniis
553 1860 720 1927 Vaticanis
742 1863 847 1947 ipsum
869 1863 1056 1946 reperiatur.

159 1947 206 2014 Ut
233 1967 320 2012 nunc
350 1947 477 2011 demum
504 1946 700 2012 Dracontius
728 1949 763 2012 in
790 1949 893 2013 lucem
923 1941 1058 2030 prodeat

91 2033 173 2096 miro
195 2054 270 2097 casu
291 2031 412 2096 factum
435 2034 499 2095 est:
521 2053 625 2116 neque
646 2033 751 2096 solum
765 2032 885 2118 Angeli
900 2030 966 2094 Mai
981 2052 1057 2095 eura

91 2122 202 2200 raptus
215 2116 358 2180 Helenae
380 2119 455 2179 ante
477 2115 692 2199 quadraginta
712 2116 779 2180 fere
801 2138 903 2180 annos
925 2119 1055 2198 paratus

92 2207 161 2266 erat
181 2202 237 2285 qui
253 2200 410 2283 ederetur,
434 2200 489 2264 sed
512 2200 576 2264 iam
599 2222 684 2264 anno
700 2201 796 2264 huius
818 2198 936 2263 saeculi
957 2199 1054 2262 tertio

92 2286 215 2349 decimo
239 2283 389 2349 Cataldus
409 2283 548 2348 Iannelli
569 2283 712 2348 Helenae
735 2287 767 2348 et
789 2283 921 2347 Medeae
944 2281 1054 2345 editio-

92 2390 168 2433 nem
189 2369 320 2432 molitus
349 2372 432 2452 erat,
455 2369 545 2433 cuius
574 2368 751 2433 nonnullae
779 2366 928 2453 plagulae
958 2365 1054 2430 etiam

92 2453 179 2536 typis
201 2456 277 2516 sunt
298 2474 440 2536 excusae,
464 2453 580 2538 quibus
601 2453 746 2538 Angelus
768 2452 883 2534 MaiuS,
911 2451 987 2514 dum
1009 2450 1055 2513 vi-

92 2536 834 2686 {¹4¹¹bittit&titi.lt⁸lss¹.fat⁰dh
844 2539 1056 2684 bittit?

83 2705 287 2770 ‘Andresium
314 2706 528 2770 bibliothecae
556 2705 663 2789 regiae
695 2705 892 2788 praefectum
919 2703 1058 2768 Iannelli

92 2790 174 2855 adici
188 2788 293 2854 uoluit
313 2790 504 2873 scripsitque
520 2789 775 2854 dissertationem
791 2790 829 2854 de
846 2788 959 2853 ceteris
976 2786 1056 2851 Dra-

92 2914 120 2960 in
138 2911 312 2975 praefatione
330 2927 357 2975 p.
369 2909 427 2975 2⁴0:
445 2910 514 2960 ‘Hic
526 2909 604 2962 Bora
621 2926 693 2960 anno
708 2913 774 2961 1494
791 2909 978 2961 huiuscemodi
990 2908 1055 2958 libri

92 2979 194 3041 reperti
212 2982 285 3039 sunt,
304 2978 426 3028 Rutilius
444 2977 645 3028 Naumatianus
663 3004 696 3013 —
713 2978 852 3028 heroicum
866 2976 978 3042 sulpitii
996 2990 1054 3025 car-

92 3060 168 3108 men,
190 3045 354 3096 Draconti
376 3046 504 3095 varium
528 3060 623 3112 opus,
641 3044 785 3096 Prudentii
803 3045 896 3109 hymni
914 3060 969 3110 eqo,
990 3057 1056 3106 quo-

92 3127 150 3162 rum
172 3113 244 3162 bona
265 3127 329 3178 pars
350 3113 395 3162 his
417 3113 498 3162 annis
516 3112 645 3178 proximis
670 3129 687 3161 a
708 3128 768 3163 meo
790 3112 927 3176 municipe
951 3110 1056 3159 Thema

92 3178 216 3230 Phaedro
234 3180 368 3230 bonarum
387 3181 486 3229 artium
503 3181 660 3245 professore
679 3186 722 3230 est
740 3179 858 3230 advecta
875 3179 905 3227 in
917 3176 1037 3227 Urbem’.

159 3248 184 3308 ἵ)
203 3261 283 3311 quem
306 3248 394 3297 edidit
412 3249 520 3312 Peyron
544 3251 609 3297 ante
628 3246 767 3298 Ciceronis
796 3246 951 3296 orationum
979 3243 1056 3308 frag·

94 3320 186 3364 menta
204 3314 318 3370 inedita.
332 3315 486 3378 stuttgard.
506 3320 535 3365 et
549 3314 666 3379 Tubing.
679 3311 896 3364 MDCGGXXIV
910 3327 936 3376 p.
952 3313 986 3361 45
1000 3312 1055 3360 164.

158 3381 185 3446 8)
205 3382 278 3447 apud
299 3382 481 3432 Muratorium
499 3384 604 3447 antiqq.
622 3380 692 3433 med.
712 3397 772 3433 aev.
790 3379 833 3431 III
851 3396 876 3444 p.
895 3378 989 3430 820D:
1009 3378 1057 3426 ‘li-

92 3449 170 3499 brum
186 3448 333 3500 Dracontii
350 3449 385 3499 I'.
745 3507 746 3510 Ἴ

93 3585 108 3632 5
158 3516 186 3579 9)
206 3516 280 3580 apud
300 3518 394 3583 Migne
415 3516 521 3567 Patrol.
540 3517 603 3571 Lat.
622 3514 724 3566 LXXX
747 3532 773 3580 p.
791 3515 850 3568 286.
881 3513 1007 3580 inprimis
1028 3527 1054 3560 v.

110 3586 332 3649 tmwQ

1261 484 1264 606 ἶ
