2610 3946
258 222 300 286 70
409 229 412 236 ¹
677 221 806 272 11111131
901 237 905 240 -

323 371 471 436 Funerea
486 371 545 435 sub
559 373 656 435 nocte
672 370 774 454 canit,
790 370 835 434 sic
850 370 945 434 anxia
959 371 1070 435 nutrix

259 467 309 517 310
321 454 463 541 Ingemit
477 458 510 520 et
522 453 676 520 tremulas
691 453 842 518 diffundit
859 457 982 520 maesta
996 456 1166 538 querellas.

324 539 468 604 Nuntius
483 540 607 604 interea
621 540 743 602 maesto
759 538 849 602 uolat
864 560 919 604 ore
934 539 1061 604 satelles

323 624 376 688 Ad
390 645 500 708 regem
515 624 686 688 subuectus
701 644 783 706 equo
790 673 799 706 ,
814 626 987 706 natamque
1001 627 1143 708 tyranno

323 709 451 774 indicat
465 709 579 794 ignoto
594 707 714 792 passim
728 707 876 791 nupsisse
892 707 1017 772 marito.
1042 763 1044 766 .

322 792 466 876 Expauit
504 793 618 857 enitor.
649 792 694 856 sic
709 791 871 875 quondam
885 791 986 857 tristis
1002 795 1137 877 Agenor

259 890 307 939 315
322 876 472 942 Concidit
515 898 635 960 uropae
651 877 759 948 senior
771 876 937 941 fraudatus
952 897 1060 942 amore

323 960 405 1026 (lum
419 960 558 1025 nesciret
572 959 676 1024 adhuc
690 981 845 1045 generum
859 961 1013 1025 meruisse
1028 960 1217 1027 Tonantem.

323 1045 385 1111 Ira
407 1046 495 1109 dolor
516 1065 637 1109 numen
652 1045 754 1127 pietas
769 1045 889 1110 iniuria
904 1065 1040 1130 regnum

324 1129 515 1196 Concutiunt
535 1127 755 1214 franguntque
775 1130 897 1215 uirum,
918 1131 1009 1194 iubet
1023 1151 1113 1194 arma
1128 1131 1218 1194 mini-
1280 1189 1281 1196 ,

967 1215 1052 1295 stris,

323 1297 473 1382 Oouiupii
486 1319 562 1362 nam
577 1297 664 1362 fama
679 1297 790 1362 ducem
805 1298 952 1382 rapiebat
965 1299 1001 1362 in
1015 1299 1121 1363 enses*

259 1396 309 1444 320
322 1383 402 1447 (lum
414 1404 535 1466 poenas
547 1386 730 1465 mortesque
741 1386 843 1466 parat,
856 1382 1051 1447 uenitlndus
1061 1383 1101 1446 ad
1114 1383 1220 1448 aulam
1280 1427 1281 1446 1

321 1465 418 1532 Liber
433 1471 465 1530 et
480 1467 609 1552 egregia
624 1467 812 1549 compressit
826 1488 905 1531 uoce
920 1464 1097 1531 furentem:

323 1549 393 1616 ‘Sic
407 1551 482 1632 tibi,
498 1555 621 1615 rector'
638 1550 683 1614 ait
699 1554 856 1615 ‘mentem
871 1552 1013 1635 possedit
1029 1552 1137 1617 inanis

321 1635 487 1720 llelligio‘?
510 1636 556 1700 sic
570 1635 689 1720 pignus
705 1656 792 1699 amas
806 1639 844 1699 ut
858 1637 923 1699 tela
937 1635 1115 1720 parentur?

322 1718 406 1793 Quid
421 1719 527 1783 furis?
550 1723 698 1803 exspecta
713 1720 821 1784 dulces
837 1718 875 1783 de
890 1721 981 1804 prole
996 1723 1140 1804 nepotes,

260 1815 309 1863 325
324 1801 531 1887 Uirginitatis
547 1825 628 1867 onus
644 1804 759 1868 melior
772 1804 910 1869 tolerare
925 1804 1072 1870 sacerdos

320 1885 353 1950 N
355 1906 398 1949 on
412 1887 534 1970 potuit,
550 1887 702 1951 feruescit
716 1910 842 1953 amans:
866 1893 898 1953 et
912 1893 1002 1953 casta
1015 1887 1122 1954 Diana

320 1969 489 2034 Pastorem
506 1968 652 2036 confessa
667 1972 800 2036 uirum'
831 1972 911 2037 haec
926 1973 1023 2038 Liber
1037 1974 1153 2038 aiebat.
1197 1991 1201 2002 ·

323 2053 508 2134 Mulcentur
522 2056 587 2120 iam
603 2056 699 2120 corda
714 2055 802 2120 ducis
817 2061 989 2142 natamque
1004 2062 1162 2142 tyrannus

320 2139 443 2226 Purgat
458 2145 491 2205 et
505 2141 666 2225 extemplo
681 2139 812 2206 Medeae
827 2141 938 2207 laudat
952 2163 1105 2206 amorem.

258 2238 307 2286 330
320 2223 373 2290 Sic
387 2225 506 2290 meruit
520 2227 649 2290 ueniam
667 2247 821 2310 generum
837 2227 1002 2292 coufessus
1017 2226 1178 2311 Achilles,

321 2307 373 2374 Sic
410 2313 479 2374 ater
493 2310 622 2394 ignouit
635 2309 829 2394 Lycomedes
844 2315 973 2394 pectore
988 2316 1097 2394 natae,

159 2405 245 2456 111881
322 2393 367 2457 Et
381 2331 542 2477 dyrrhum·
557 2395 696 2476 suscepit
711 2416 790 2459 auus
805 2396 991 2480 gremioque
1005 2400 1161 2479 nepotem

321 2477 420 2542 Fouit
435 2482 468 2542 et
483 2477 523 2542 ad
538 2478 668 2542 Troiam
681 2484 756 2562 post
771 2479 905 2544 crimina
919 2481 1007 2544 misit
1023 2479 1170 2544 Achillis.

323 2560 369 2624 Ut
384 2560 504 2644 Scytha
519 2562 662 2627 mollitus
678 2562 795 2628 blanda
812 2563 931 2648 pietate
947 2565 1100 2647 mitescit,

259 2655 308 2704 335
322 2643 399 2706 Mox
414 2645 504 2709 iubet
518 2650 555 2709 ut
569 2667 724 2730 generum
739 2649 791 2710 uel
805 2649 925 2734 pignus
939 2671 973 2712 re
1000 2649 1024 2712 's
1040 2649 1080 2712 ad
1095 2648 1204 2714 aulam

321 2727 479 2812 Deposito
494 2733 616 2794 terrore
631 2735 757 2796 uocent.
787 2736 865 2798 tunc
880 2733 969 2818 regia
997 2754 1074 2797 auro

324 2902 374 2950 317
391 2917 447 2966 sqq.
466 2902 557 2953 eodem
570 2906 724 2954 undenorum
736 2906 807 2955 cirre
825 2908 955 2956 literarum
973 2907 1108 2956 111011ιαὶ10
1122 2921 1139 2954 a
1155 2921 1225 2956 mar-

254 2969 313 3034 gine
335 2974 452 3018 reuocati
471 2975 536 3019 saut.
571 2972 810 3036 supercrescere.
882 2976 931 3024 317
953 2990 986 3022 aa
1004 2973 1100 3037 regni?
1171 2976 1223 3024 319

255 3034 399 3099 rapiebant
419 3036 579 3103 rapiebatp
648 3041 699 3088 334
722 3041 776 3102 Qui
798 3056 867 3092 corr.
887 3041 984 3094 Buecl.
1053 3042 1103 3091 ‘227
1125 3045 1224 3092 tolera-

255 3103 304 3154 bile
325 3103 440 3165 fortasse
464 3103 567 3170 agebat
588 3104 707 3168 (Bacch.)
777 3109 827 3159 328
850 3114 909 3158 ante
931 3113 1080 3174 natamque
1103 3110 1225 3172 lepantur

255 3176 324 3220 nant
346 3172 395 3222 sed
416 3177 554 3235 expuncta.
594 3178 762 3237 nantemque
783 3175 882 3226 scribas
905 3182 1007 3242 oportet
1029 3177 1079 3226 nisi
1100 3190 1225 3228 amorem

254 3239 401 3355 ῗρῖᾲῦοἰανε
423 3242 543 3356 1111131οῗ
564 3250 646 3321 curras
723 3245 771 3292 331
795 3245 915 3295 innotuit
936 3241 1095 3294 Licomedes
1171 3246 1224 3324 333

255 3320 372 3423 sitifi
397 3314 800 3440 caramerus.
817 3319 879 3430 aa
896 3311 1088 3445 suldalttt
1101 3315 1224 3429 teras?

255 3441 295 3566 gasts
313 3442 469 3569 poaripr'etitrq¹
481 3458 530 3505 qao
548 3444 691 3492 adiunctum
704 3450 742 3494 est
760 3446 828 3511 quod
844 3447 869 3495 111
886 3450 998 3512 margine
1011 3447 1104 3512 legitur
1117 3445 1222 3496 electio

281 3520 312 3555 or
326 3541 331 3552 .
351 3520 365 3554 e
378 3521 410 3554 ec
424 3522 453 3555 ro
