2576 3936
211 179 255 243 24
555 176 842 228 EPITHALAMIUM

226 341 259 392 90
275 329 412 394 Dixerat
425 326 507 392 haec
522 325 681 410 Cytherea
693 347 826 410 parens:
847 326 911 392 ianr
926 330 1013 392 tecta
1026 329 1205 396 subibant

126 433 157 487 [p.
169 433 203 488 251
275 413 396 478 Idaliae
412 411 575 494 uolucres,
592 413 765 475 occurrunt
779 411 896 495 gaudia
911 415 1028 477 cuncta

277 496 475 580 Obsequium
489 496 595 560 latura
610 494 696 558 deae.
729 498 837 559 tamen
853 515 909 560 ore
923 496 1068 562 modesto

275 581 384 646 Anxia
398 580 467 645 sola
482 579 594 663 procul
608 579 751 644 thalamo
767 579 902 644 florente
917 581 1030 645 relicto

276 665 457 750 Uirginitas
474 663 660 748 pudibunda
674 663 761 748 fugit
773 667 966 748 gratumque
981 685 1161 747 pauescens

227 765 259 812 95
277 750 422 815 Fletibus
437 771 497 812 ora
510 749 608 834 rigat:
625 769 706 832 quae
721 769 789 812 non
804 748 946 812 reditura
960 749 1089 814 recedit.

275 838 322 898 At
335 833 448 898 Uenus
464 833 628 916 attingens
642 833 755 896 urbem
793 833 853 896 etit
867 837 961 897 antra
974 835 1082 898 mariti

155 972 172 982 ,
274 918 484 1002 Neptunique
500 917 613 980 domos
627 917 762 980 intrauit
770 855 1004 1002 ldaximianas:

274 1003 346 1067 Illic
360 1003 456 1065 turba
469 999 580 1063 fremit
593 1005 732 1065 matrum
747 1003 964 1085 iuuenumque
979 1003 1094 1086 pudica

209 1093 211 1098 '
275 1087 319 1150 Et
333 1083 506 1150 matronali
522 1105 654 1168 sponsas
670 1085 797 1150 cinxere
813 1107 941 1151 corona.

214 1183 263 1232 100
278 1171 402 1253 Pompa
417 1172 619 1233 cateruarum
633 1168 711 1232 felix
725 1171 837 1234 uotiua
852 1171 996 1253 canebat,

188 1265 191 1272 '
277 1253 454 1340 Progenies
470 1256 633 1318 crementa
645 1253 758 1317 domus
774 1253 915 1318 Uictoria
930 1255 1067 1318 honesta

276 1339 417 1422 Suscipit
432 1341 465 1402 et
478 1338 613 1402 nuribus
628 1341 722 1402 natos
737 1338 869 1404 iunxere
884 1342 1042 1422 parentes

275 1423 484 1488 Uictorianus
500 1423 585 1486 enim
601 1424 633 1484 et
647 1421 838 1486 Rufinianus

276 1506 518 1593 Legemaritali
533 1505 670 1569 ueniunt
685 1507 744 1569 sub
761 1507 832 1570 iura
845 1506 980 1571 Dionae.

214 1603 262 1654 105
278 1591 368 1656 Tunc
379 1589 491 1655 Uenus
507 1590 547 1654 ad
562 1611 695 1673 sponsas
710 1591 834 1654 intrans
849 1591 909 1655 hac
920 1611 1001 1656 uoce
1015 1591 1187 1675 profatur:
1283 1587 1286 1652 l

277 1675 438 1741 ‘Crescite
452 1674 598 1739 fecundis
614 1674 789 1760 gaudentes
804 1675 927 1740 lusibus
943 1677 1065 1758 ambae,

275 1759 380 1824 Nocte
394 1763 505 1822 tamen
520 1764 713 1843 properante
728 1759 807 1823 uiris
823 1763 941 1823 certate
956 1759 1108 1843 modeste,

276 1842 339 1908 Sed
352 1843 415 1906 hoc
431 1847 594 1906 certamen
608 1842 734 1907 modico
750 1844 923 1908 certamine
939 1847 1079 1908 constet:

276 1927 393 1992 Acrior
408 1930 456 1990 est
471 1948 551 2010 puer
564 1927 620 1990 ille
636 1947 726 1992 meus
741 1927 817 1991 dum
831 1928 986 1992 temnitur
1001 1931 1033 1991 et
1047 1928 1119 2010 plus

214 2025 263 2073 110
277 2009 354 2076 Urit
368 2011 549 2074 amoriferis
564 2012 720 2076 certantia
734 2013 878 2076 membra
892 2012 1047 2096 sagittis.'

276 2095 411 2161 Dixerat
425 2099 458 2160 et
472 2117 608 2180 puerum
623 2098 769 2180 genetrix
785 2097 917 2180 implere
932 2096 1099 2181 pharetras

275 2181 426 2265 Imperat.
453 2182 508 2245 ille
524 2181 628 2244 libens
642 2181 780 2246 imbutas
796 2181 892 2246 melle
906 2182 1040 2266 sagittas
1093 2185 1098 2194 ’

276 2265 368 2330 Misit
383 2269 415 2329 et
429 2265 595 2329 ambarum
610 2287 721 2330 sensus
735 2267 897 2330 transfixit
911 2266 1043 2348 arundo,

277 2349 383 2414 Corda
397 2349 473 2412 ferit
487 2349 641 2412 iuuenum
656 2352 790 2415 ueniens
805 2355 838 2414 et
851 2356 981 2434 pectora
995 2351 1141 2432 fratrum,

214 2445 262 2494 115
279 2433 423 2508 Quorum
438 2435 516 2497 uota
530 2437 657 2498 sonent.
687 2434 785 2518 longa
800 2438 849 2498 est
862 2435 917 2499 lux
932 2436 1002 2518 ipsa
1017 2434 1079 2497 diei

276 2517 321 2582 Et
336 2517 471 2600 eupiunt
484 2517 622 2580 transire
638 2517 737 2600 diem,
754 2518 921 2582 succedere
936 2522 1064 2582 noctem

275 2601 442 2682 Exoptant
456 2600 587 2682 paribus
601 2601 690 2664 uotis
703 2602 906 2685 spatiumque
921 2623 1084 2668 morarum

276 2684 373 2748 Lucis
388 2682 558 2765 adoptatae
573 2685 710 2749 transire
725 2686 759 2749 in
773 2690 919 2770 tempora
933 2687 1047 2752 noctis.

275 2767 427 2852 Pergitur
443 2767 482 2830 ad
496 2767 671 2852 thalamos,
688 2771 838 2836 conuiuia
852 2771 937 2835 laeta
951 2772 1122 2855 celebrant,

212 2865 262 2913 120
277 2852 420 2937 Agmina
433 2851 608 2916 saltantum
623 2853 798 2919 miscentur
812 2855 934 2920 lusibus
948 2857 1041 2938 aptis.

123 2952 153 3007 [ρ.
167 2954 200 3006 rc]
272 2936 420 3021 ‚Pignora
432 2935 568 3020 pulchra
581 2938 703 3004 micent
717 2944 750 3004 et
763 2941 842 3004 talia
856 2943 934 3004 uota
948 2939 1110 3004 celebrent

276 3019 426 3085 Floribus
442 3025 474 3085 et
488 3022 604 3087 uestris
619 3028 740 3089 crescat
753 3028 906 3108 generata
920 3043 1075 3110 propage.

278 3195 311 3244 99
330 3190 492 3256 matronaliir
551 3195 599 3245 103
618 3197 704 3245 ueram·
713 3197 856 3260 praefixum
869 3203 908 3246 eat
919 3213 952 3262 ip.
968 3196 1032 3258 fort.
1047 3195 1180 3258 legendum

209 3257 421 3312 Uictorinianus
433 3262 468 3324 cf.
482 3262 537 3314 AL
549 3261 631 3312 Riesii
642 3265 692 3312 254
707 3269 751 3311 aut
764 3264 906 3313 addendum
918 3267 944 3313 in
954 3267 1006 3325 fiae
1019 3264 1069 3312 tale
1082 3275 1179 3311 uman—
1285 3309 1286 3316 ,

210 3332 254 3377 tes
324 3330 372 3379 108
391 3329 455 3378 dunc
473 3344 572 3380 uersum
583 3331 625 3378 uel
636 3331 777 3380 Dracontio
795 3332 922 3395 iadipnum
934 3331 1030 3381 Buect.
1042 3328 1181 3379 subleuan-

211 3395 268 3444 dum
280 3403 367 3446 censer
378 3397 527 3449 conicienda
541 3397 683 3446 conamine
736 3398 785 3448 109
803 3399 898 3448 Atrior
950 3399 998 3447 111
1017 3397 1097 3446 Dixit
1112 3396 1178 3457 sort.

211 3460 291 3510 Dixit
304 3462 352 3513 sed
366 3461 484 3528 (Bacch.)
548 3464 595 3512 112
614 3463 708 3528 sagaci
726 3479 793 3514 corr.
806 3464 905 3518 Bacch.
957 3466 1005 3516 117
1024 3463 1150 3530 spacium
