<?xml version="1.0" encoding="UTF-8"?>
<!DOCTYPE html PUBLIC "-//W3C//DTD XHTML 1.0 Transitional//EN"
    "http://www.w3.org/TR/xhtml1/DTD/xhtml1-transitional.dtd">
<html xmlns="http://www.w3.org/1999/xhtml" xml:lang="en" lang="en">
 <head>
  <title>
</title>
<meta http-equiv="Content-Type" content="text/html;charset=utf-8" />
  <meta name='ocr-system' content='tesseract 3.04.00' />
  <meta name='ocr-capabilities' content='ocr_page ocr_carea ocr_par ocr_line ocrx_word'/>
</head>
<body>
  <div class='ocr_page' id='page_1' title='image "./dracontiicarmin00dracgoog/dracontiicarmin00dracgoog_0115.png"; bbox 0 0 2610 3946; ppageno 0'>
   <div class='ocr_carea' id='block_1_1' title="bbox 141 1144 660 1202">
    <p class='ocr_par' dir='ltr' id='par_1_1' title="bbox 141 1144 660 1202">
     <span class='ocr_line' id='line_1_1' title="bbox 141 1144 660 1202; baseline 0.002 -6"><span class='ocrx_word' id='word_1_1' title='bbox 141 1187 143 1196; x_wconf 84' lang='lat'>.</span> <span class='ocrx_word' id='word_1_2' title='bbox 205 1147 305 1202; x_wconf 83' lang='lat' dir='ltr'><strong>Nullus</strong></span> <span class='ocrx_word' id='word_1_3' title='bbox 331 1147 370 1199; x_wconf 89' lang='lat' dir='ltr'><strong>ab</strong></span> <span class='ocrx_word' id='word_1_4' title='bbox 395 1144 503 1198; x_wconf 82' lang='lat' dir='ltr'>insidiis</span> <span class='ocrx_word' id='word_1_5' title='bbox 521 1146 598 1200; x_wconf 90' lang='lat' dir='ltr'><strong>locus</strong></span> <span class='ocrx_word' id='word_1_6' title='bbox 616 1146 660 1198; x_wconf 84' lang='lat' dir='ltr'><strong>est</strong></span> 
     </span>
    </p>
   </div>
   <div class='ocr_carea' id='block_1_2' title="bbox 170 1215 668 3598">
    <p class='ocr_par' dir='ltr' id='par_1_2' title="bbox 170 1215 668 3598">
     <span class='ocr_line' id='line_1_2' title="bbox 220 1215 659 1286; baseline 0 -17"><span class='ocrx_word' id='word_1_7' title='bbox 220 1215 269 1286; x_wconf 87' lang='lat' dir='ltr'><strong>qui</strong></span> <span class='ocrx_word' id='word_1_8' title='bbox 300 1216 398 1270; x_wconf 81' lang='lat' dir='ltr'><strong>fraude</strong></span> <span class='ocrx_word' id='word_1_9' title='bbox 429 1216 545 1271; x_wconf 78' lang='lat' dir='ltr'><strong>uocabit</strong></span> <span class='ocrx_word' id='word_1_10' title='bbox 571 1215 597 1269; x_wconf 87' lang='lat' dir='ltr'><strong>V</strong></span> <span class='ocrx_word' id='word_1_11' title='bbox 625 1221 659 1269; x_wconf 94' lang='lat'><strong>44</strong></span> 
     </span>
     <span class='ocr_line' id='line_1_3' title="bbox 221 1287 659 1356; baseline 0 -16"><span class='ocrx_word' id='word_1_12' title='bbox 221 1287 282 1356; x_wconf 88' lang='lat' dir='ltr'><strong>quis</strong></span> <span class='ocrx_word' id='word_1_13' title='bbox 313 1287 368 1340; x_wconf 87' lang='lat' dir='ltr'><strong>nisi</strong></span> <span class='ocrx_word' id='word_1_14' title='bbox 400 1287 515 1341; x_wconf 81' lang='lat' dir='ltr'><strong>caelesti</strong></span> <span class='ocrx_word' id='word_1_15' title='bbox 547 1287 659 1342; x_wconf 87' lang='lat' dir='ltr'><strong>demens</strong></span> 
     </span>
     <span class='ocr_line' id='line_1_4' title="bbox 220 1357 659 1429; baseline -0.005 -17"><span class='ocrx_word' id='word_1_16' title='bbox 220 1359 379 1429; x_wconf 88' lang='lat' dir='ltr'><strong>compulsus</strong></span> <span class='ocrx_word' id='word_1_17' title='bbox 405 1359 446 1413; x_wconf 86' lang='lat' dir='ltr'><strong>ab</strong></span> <span class='ocrx_word' id='word_1_18' title='bbox 473 1359 516 1413; x_wconf 88' lang='lat' dir='ltr'><strong>ira</strong></span> <span class='ocrx_word' id='word_1_19' title='bbox 548 1357 606 1412; x_wconf 78' lang='lat' dir='ltr'><strong>Sat.</strong></span> <span class='ocrx_word' id='word_1_20' title='bbox 626 1363 659 1411; x_wconf 94' lang='grc'><strong>27</strong></span> 
     </span>
     <span class='ocr_line' id='line_1_5' title="bbox 221 1428 661 1484; baseline -0.007 0"><span class='ocrx_word' id='word_1_21' title='bbox 221 1431 264 1484; x_wconf 86' lang='grc'><strong>661</strong></span> <span class='ocrx_word' id='word_1_22' title='bbox 280 1431 404 1484; x_wconf 73' lang='lat' dir='ltr'><strong>fuscatur</strong></span> <span class='ocrx_word' id='word_1_23' title='bbox 422 1430 462 1484; x_wconf 86' lang='lat' dir='ltr'><strong>ab</strong></span> <span class='ocrx_word' id='word_1_24' title='bbox 480 1430 580 1483; x_wconf 87' lang='lat' dir='ltr'><strong>umbra</strong></span> <span class='ocrx_word' id='word_1_25' title='bbox 601 1428 661 1482; x_wconf 77' lang='lat' dir='ltr'><strong>Sat.</strong></span> 
     </span>
     <span class='ocr_line' id='line_1_6' title="bbox 221 1499 662 1555; baseline -0.007 0"><span class='ocrx_word' id='word_1_26' title='bbox 221 1507 273 1555; x_wconf 92' lang='grc'><strong>243</strong></span> <span class='ocrx_word' id='word_1_27' title='bbox 296 1502 387 1554; x_wconf 88' lang='lat' dir='ltr'><strong>mater</strong></span> <span class='ocrx_word' id='word_1_28' title='bbox 405 1500 445 1554; x_wconf 86' lang='lat' dir='ltr'><strong>ab</strong></span> <span class='ocrx_word' id='word_1_29' title='bbox 463 1499 544 1554; x_wconf 90' lang='lat' dir='ltr'><strong>undis</strong></span> <span class='ocrx_word' id='word_1_30' title='bbox 570 1499 662 1552; x_wconf 81' lang='lat' dir='ltr'><strong>Thetis</strong></span> 
     </span>
     <span class='ocr_line' id='line_1_7' title="bbox 220 1569 661 1626; baseline -0.002 -2"><span class='ocrx_word' id='word_1_31' title='bbox 220 1571 260 1624; x_wconf 89' lang='lat' dir='ltr'><strong>IX</strong></span> <span class='ocrx_word' id='word_1_32' title='bbox 279 1577 330 1625; x_wconf 89' lang='grc'><strong>200</strong></span> <span class='ocrx_word' id='word_1_33' title='bbox 349 1573 443 1625; x_wconf 88' lang='lat' dir='ltr'><strong>noster</strong></span> <span class='ocrx_word' id='word_1_34' title='bbox 458 1569 602 1626; x_wconf 72' lang='lat' dir='ltr'><strong>Narcissus</strong></span> <span class='ocrx_word' id='word_1_35' title='bbox 621 1571 661 1624; x_wconf 89' lang='lat' dir='ltr'><strong>ab</strong></span> 
     </span>
     <span class='ocr_line' id='line_1_8' title="bbox 220 1642 417 1696; baseline 0 0"><span class='ocrx_word' id='word_1_36' title='bbox 220 1642 302 1696; x_wconf 86' lang='lat' dir='ltr'><strong>undis</strong></span> <span class='ocrx_word' id='word_1_37' title='bbox 320 1643 347 1695; x_wconf 93' lang='lat' dir='ltr'><strong>II</strong></span> <span class='ocrx_word' id='word_1_38' title='bbox 367 1648 417 1696; x_wconf 97' lang='grc'><strong>136</strong></span> 
     </span>
     <span class='ocr_line' id='line_1_9' title="bbox 206 1711 661 1837; baseline -0.002 -71"><span class='ocrx_word' id='word_1_39' title='bbox 206 1729 356 1837; x_wconf 49' lang='grc' dir='ltr'><strong>Ἑηείεὲῃθυθ</strong></span> <span class='ocrx_word' id='word_1_40' title='bbox 371 1712 503 1782; x_wconf 81' lang='lat' dir='ltr'><strong>sepulcris</strong></span> <span class='ocrx_word' id='word_1_41' title='bbox 522 1711 661 1768; x_wconf 76' lang='lat' dir='ltr'><strong>abdicas</strong></span> 
     </span>
     <span class='ocr_line' id='line_1_10' title="bbox 204 1854 662 1923; baseline 0.007 -17"><span class='ocrx_word' id='word_1_42' title='bbox 204 1855 334 1907; x_wconf 84' lang='lat' dir='ltr'><strong>natorum</strong></span> <span class='ocrx_word' id='word_1_43' title='bbox 356 1854 439 1908; x_wconf 83' lang='lat' dir='ltr'><strong>turba</strong></span> <span class='ocrx_word' id='word_1_44' title='bbox 461 1855 581 1923; x_wconf 84' lang='lat' dir='ltr'><strong>stipatus</strong></span> <span class='ocrx_word' id='word_1_45' title='bbox 606 1856 662 1909; x_wconf 86' lang='lat' dir='ltr'><strong>ab·</strong></span> 
     </span>
     <span class='ocr_line' id='line_1_11' title="bbox 203 1921 663 1981; baseline 0.007 -5"><span class='ocrx_word' id='word_1_46' title='bbox 203 1922 298 1976; x_wconf 50' lang='lat' dir='ltr'><strong>¹ibet</strong></span> <span class='ocrx_word' id='word_1_47' title='bbox 320 1921 385 1976; x_wconf 91' lang='lat' dir='ltr'><strong>VIII</strong></span> <span class='ocrx_word' id='word_1_48' title='bbox 405 1929 439 1978; x_wconf 87' lang='grc'><strong>36</strong></span> <span class='ocrx_word' id='word_1_49' title='bbox 468 1941 525 1981; x_wconf 85' lang='grc'><strong>666</strong></span> <span class='ocrx_word' id='word_1_50' title='bbox 546 1924 663 1979; x_wconf 89' lang='lat' dir='ltr'><strong>inhono-</strong></span> 
     </span>
     <span class='ocr_line' id='line_1_12' title="bbox 222 1987 662 2050; baseline 0.011 -4"><span class='ocrx_word' id='word_1_51' title='bbox 222 2010 268 2046; x_wconf 83' lang='lat' dir='ltr'><strong>rus</strong></span> <span class='ocrx_word' id='word_1_52' title='bbox 292 2008 368 2046; x_wconf 89' lang='lat' dir='ltr'><strong>eram</strong></span> <span class='ocrx_word' id='word_1_53' title='bbox 388 1993 437 2046; x_wconf 88' lang='lat' dir='ltr'><strong>sed</strong></span> <span class='ocrx_word' id='word_1_54' title='bbox 454 1994 537 2048; x_wconf 85' lang='lat' dir='ltr'><strong>laude</strong></span> <span class='ocrx_word' id='word_1_55' title='bbox 555 1987 662 2050; x_wconf 84' lang='lat' dir='ltr'><strong>redem-</strong></span> 
     </span>
     <span class='ocr_line' id='line_1_13' title="bbox 222 2063 662 2132; baseline 0.011 -16"><span class='ocrx_word' id='word_1_56' title='bbox 222 2064 287 2132; x_wconf 84' lang='lat' dir='ltr'><strong>ptus</strong></span> <span class='ocrx_word' id='word_1_57' title='bbox 306 2063 434 2118; x_wconf 86' lang='lat' dir='ltr'><strong>abirem</strong></span> <span class='ocrx_word' id='word_1_58' title='bbox 452 2063 505 2118; x_wconf 93' lang='lat' dir='ltr'><strong>VII</strong></span> <span class='ocrx_word' id='word_1_59' title='bbox 523 2072 540 2120; x_wconf 86' lang='lat'>4</span> <span class='ocrx_word' id='word_1_60' title='bbox 560 2065 662 2121; x_wconf 86' lang='lat' dir='ltr'><strong>sedne</strong></span> 
     </span>
     <span class='ocr_line' id='line_1_14' title="bbox 222 2133 615 2192; baseline 0.013 -5"><span class='ocrx_word' id='word_1_61' title='bbox 222 2133 368 2188; x_wconf 86' lang='lat' dir='ltr'><strong>fraudatus</strong></span> <span class='ocrx_word' id='word_1_62' title='bbox 386 2134 499 2190; x_wconf 86' lang='lat' dir='ltr'><strong>abires</strong></span> <span class='ocrx_word' id='word_1_63' title='bbox 517 2135 544 2191; x_wconf 89' lang='lat' dir='ltr'><strong>V</strong></span> <span class='ocrx_word' id='word_1_64' title='bbox 563 2142 615 2192; x_wconf 87' lang='grc'><strong>300</strong></span> 
     </span>
     <span class='ocr_line' id='line_1_15' title="bbox 206 2205 662 2278; baseline 0.011 -20"><span class='ocrx_word' id='word_1_65' title='bbox 206 2205 348 2259; x_wconf 67' lang='lat' dir='ltr'><strong>oblatrans</strong></span> <span class='ocrx_word' id='word_1_66' title='bbox 361 2205 474 2262; x_wconf 85' lang='lat' dir='ltr'><strong>fuderat</strong></span> <span class='ocrx_word' id='word_1_67' title='bbox 482 2207 587 2262; x_wconf 85' lang='lat' dir='ltr'><strong>Idalius</strong></span> <span class='ocrx_word' id='word_1_68' title='bbox 599 2225 662 2278; x_wconf 76' lang='lat' dir='ltr'><strong>gre-</strong></span> 
     </span>
     <span class='ocr_line' id='line_1_16' title="bbox 204 2275 662 2346; baseline 0.015 -20"><span class='ocrx_word' id='word_1_69' title='bbox 204 2295 207 2326; x_wconf 89' lang='lat'>:</span> <span class='ocrx_word' id='word_1_70' title='bbox 223 2275 280 2331; x_wconf 93' lang='lat' dir='ltr'><strong>mio</strong></span> <span class='ocrx_word' id='word_1_71' title='bbox 293 2293 321 2329; x_wconf 90' lang='lat' dir='ltr'><strong>se</strong></span> <span class='ocrx_word' id='word_1_72' title='bbox 335 2276 407 2331; x_wconf 87' lang='lat' dir='ltr'><strong>forte</strong></span> <span class='ocrx_word' id='word_1_73' title='bbox 420 2278 545 2346; x_wconf 85' lang='lat' dir='ltr'><strong>parentis</strong></span> <span class='ocrx_word' id='word_1_74' title='bbox 554 2279 606 2333; x_wconf 80' lang='lat'><strong>114</strong></span> <span class='ocrx_word' id='word_1_75' title='bbox 620 2279 662 2332; x_wconf 93' lang='lat' dir='ltr'><strong>in-</strong></span> 
     </span>
     <span class='ocr_line' id='line_1_17' title="bbox 170 2347 663 2404; baseline 0.012 -6"><span class='ocrx_word' id='word_1_76' title='bbox 170 2361 175 2366; x_wconf 94' lang='lat'>·</span> <span class='ocrx_word' id='word_1_77' title='bbox 224 2347 285 2400; x_wconf 86' lang='lat' dir='ltr'><strong>sula</strong></span> <span class='ocrx_word' id='word_1_78' title='bbox 303 2347 426 2400; x_wconf 86' lang='lat' dir='ltr'><strong>delubris</strong></span> <span class='ocrx_word' id='word_1_79' title='bbox 443 2351 573 2403; x_wconf 88' lang='lat' dir='ltr'><strong>natorum</strong></span> <span class='ocrx_word' id='word_1_80' title='bbox 589 2351 663 2404; x_wconf 88' lang='lat' dir='ltr'><strong>colla</strong></span> 
     </span>
     <span class='ocr_line' id='line_1_18' title="bbox 225 2416 664 2475; baseline 0.014 -6"><span class='ocrx_word' id='word_1_81' title='bbox 225 2416 339 2470; x_wconf 86' lang='lat' dir='ltr'><strong>secabat</strong></span> <span class='ocrx_word' id='word_1_82' title='bbox 348 2417 374 2469; x_wconf 95' lang='lat' dir='ltr'><strong>V</strong></span> <span class='ocrx_word' id='word_1_83' title='bbox 384 2424 434 2473; x_wconf 89' lang='grc'><strong>146</strong></span> <span class='ocrx_word' id='word_1_84' title='bbox 450 2421 508 2473; x_wconf 86' lang='grc'><strong>6616</strong></span> <span class='ocrx_word' id='word_1_85' title='bbox 519 2438 582 2475; x_wconf 92' lang='lat' dir='ltr'><strong>curn</strong></span> <span class='ocrx_word' id='word_1_86' title='bbox 591 2438 664 2475; x_wconf 88' lang='lat' dir='ltr'><strong>mor·</strong></span> 
     </span>
     <span class='ocr_line' id='line_1_19' title="bbox 223 2487 664 2546; baseline 0.014 -6"><span class='ocrx_word' id='word_1_87' title='bbox 223 2487 274 2541; x_wconf 89' lang='lat' dir='ltr'><strong>det</strong></span> <span class='ocrx_word' id='word_1_88' title='bbox 295 2504 409 2542; x_wconf 90' lang='lat' dir='ltr'><strong>arenam</strong></span> <span class='ocrx_word' id='word_1_89' title='bbox 431 2488 458 2542; x_wconf 95' lang='lat' dir='ltr'><strong>V</strong></span> <span class='ocrx_word' id='word_1_90' title='bbox 476 2497 528 2545; x_wconf 84' lang='grc'><strong>284</strong></span> <span class='ocrx_word' id='word_1_91' title='bbox 551 2493 664 2546; x_wconf 88' lang='lat' dir='ltr'><strong>ornatus</strong></span> 
     </span>
     <span class='ocr_line' id='line_1_20' title="bbox 207 2554 665 2630; baseline 0.013 -21"><span class='ocrx_word' id='word_1_92' title='bbox 207 2554 213 2595; x_wconf 74' lang='lat'><strong>&#39;³</strong></span> <span class='ocrx_word' id='word_1_93' title='bbox 225 2556 317 2611; x_wconf 80' lang='lat' dir='ltr'><strong>fronte</strong></span> <span class='ocrx_word' id='word_1_94' title='bbox 337 2559 474 2630; x_wconf 82' lang='lat' dir='ltr'><strong>corymbis</strong></span> <span class='ocrx_word' id='word_1_95' title='bbox 493 2561 532 2615; x_wconf 93' lang='lat' dir='ltr'><strong>VI</strong></span> <span class='ocrx_word' id='word_1_96' title='bbox 552 2569 584 2616; x_wconf 95' lang='grc'><strong>67</strong></span> <span class='ocrx_word' id='word_1_97' title='bbox 607 2562 665 2618; x_wconf 92' lang='lat' dir='ltr'><strong>del-</strong></span> 
     </span>
     <span class='ocr_line' id='line_1_21' title="bbox 245 2627 666 2686; baseline 0.017 -7"><span class='ocrx_word' id='word_1_98' title='bbox 245 2627 312 2681; x_wconf 90' lang='lat' dir='ltr'><strong>hine</strong></span> <span class='ocrx_word' id='word_1_99' title='bbox 321 2628 419 2682; x_wconf 87' lang='lat' dir='ltr'><strong>sedens</strong></span> <span class='ocrx_word' id='word_1_100' title='bbox 429 2629 551 2685; x_wconf 85' lang='lat' dir='ltr'><strong>Galatea</strong></span> <span class='ocrx_word' id='word_1_101' title='bbox 561 2633 666 2686; x_wconf 88' lang='lat' dir='ltr'><strong>minaci</strong></span> 
     </span>
     <span class='ocr_line' id='line_1_22' title="bbox 251 2697 666 2757; baseline 0.022 -9"><span class='ocrx_word' id='word_1_102' title='bbox 251 2697 277 2748; x_wconf 95' lang='lat' dir='ltr'><strong>II</strong></span> <span class='ocrx_word' id='word_1_103' title='bbox 298 2703 346 2750; x_wconf 87' lang='lat'><strong>151</strong></span> <span class='ocrx_word' id='word_1_104' title='bbox 367 2698 515 2753; x_wconf 85' lang='lat' dir='ltr'><strong>Thessalus</strong></span> <span class='ocrx_word' id='word_1_105' title='bbox 534 2701 666 2757; x_wconf 84' lang='lat' dir='ltr'><strong>Emathia</strong></span> 
     </span>
     <span class='ocr_line' id='line_1_23' title="bbox 224 2765 665 2826; baseline 0.02 -8"><span class='ocrx_word' id='word_1_106' title='bbox 224 2765 318 2820; x_wconf 81' lang='lat' dir='ltr'><strong>fratris</strong></span> <span class='ocrx_word' id='word_1_107' title='bbox 332 2768 453 2822; x_wconf 82' lang='lat' dir='ltr'><strong>nutritus</strong></span> <span class='ocrx_word' id='word_1_108' title='bbox 463 2769 586 2825; x_wconf 81' lang='lat' dir='ltr'><strong>Achilles</strong></span> <span class='ocrx_word' id='word_1_109' title='bbox 599 2771 665 2826; x_wconf 89' lang='lat' dir='ltr'><strong>VIH</strong></span> 
     </span>
     <span class='ocr_line' id='line_1_24' title="bbox 225 2837 665 2912; baseline 0.016 -22"><span class='ocrx_word' id='word_1_110' title='bbox 225 2843 276 2891; x_wconf 91' lang='grc'><strong>321</strong></span> <span class='ocrx_word' id='word_1_111' title='bbox 298 2837 347 2891; x_wconf 92' lang='lat' dir='ltr'><strong>ubi</strong></span> <span class='ocrx_word' id='word_1_112' title='bbox 366 2837 502 2909; x_wconf 87' lang='lat' dir='ltr'><strong>dispersos</strong></span> <span class='ocrx_word' id='word_1_113' title='bbox 519 2842 604 2912; x_wconf 85' lang='lat' dir='ltr'><strong>longo</strong></span> <span class='ocrx_word' id='word_1_114' title='bbox 623 2842 665 2896; x_wconf 91' lang='lat' dir='ltr'><strong>ui·</strong></span> 
     </span>
     <span class='ocr_line' id='line_1_25' title="bbox 225 2907 665 2976; baseline 0.02 -17"><span class='ocrx_word' id='word_1_115' title='bbox 225 2907 274 2960; x_wconf 86' lang='lat' dir='ltr'><strong>det</strong></span> <span class='ocrx_word' id='word_1_116' title='bbox 292 2925 410 2976; x_wconf 89' lang='lat' dir='ltr'><strong>aequore</strong></span> <span class='ocrx_word' id='word_1_117' title='bbox 430 2911 516 2966; x_wconf 84' lang='lat' dir='ltr'><strong>Troas</strong></span> <span class='ocrx_word' id='word_1_118' title='bbox 532 2913 598 2967; x_wconf 92' lang='lat' dir='ltr'><strong>VIII</strong></span> <span class='ocrx_word' id='word_1_119' title='bbox 612 2919 665 2968; x_wconf 88' lang='lat'><strong>400</strong></span> 
     </span>
     <span class='ocr_line' id='line_1_26' title="bbox 225 2976 665 3059; baseline 0.02 -29"><span class='ocrx_word' id='word_1_120' title='bbox 225 2976 383 3059; x_wconf 77' lang='lat' dir='ltr'><strong>Lacaenam</strong></span> <span class='ocrx_word' id='word_1_121' title='bbox 401 2981 483 3037; x_wconf 82' lang='lat' dir='ltr'><strong>lltore</strong></span> <span class='ocrx_word' id='word_1_122' title='bbox 501 3001 558 3039; x_wconf 91' lang='lat' dir='ltr'><strong>non</strong></span> <span class='ocrx_word' id='word_1_123' title='bbox 571 2984 665 3053; x_wconf 89' lang='lat' dir='ltr'><strong>posuit</strong></span> 
     </span>
     <span class='ocr_line' id='line_1_27' title="bbox 225 3048 666 3122; baseline 0.018 -21"><span class='ocrx_word' id='word_1_124' title='bbox 225 3048 320 3104; x_wconf 80' lang='lat' dir='ltr'><strong>media</strong></span> <span class='ocrx_word' id='word_1_125' title='bbox 351 3050 400 3105; x_wconf 91' lang='lat' dir='ltr'><strong>sed</strong></span> <span class='ocrx_word' id='word_1_126' title='bbox 431 3070 525 3122; x_wconf 88' lang='lat' dir='ltr'><strong>puppe</strong></span> <span class='ocrx_word' id='word_1_127' title='bbox 558 3054 666 3110; x_wconf 88' lang='lat' dir='ltr'><strong>locauit</strong></span> 
     </span>
     <span class='ocr_line' id='line_1_28' title="bbox 224 3119 665 3191; baseline 0.011 -17"><span class='ocrx_word' id='word_1_128' title='bbox 224 3119 291 3174; x_wconf 89' lang='lat' dir='ltr'><strong>VIII</strong></span> <span class='ocrx_word' id='word_1_129' title='bbox 318 3125 369 3177; x_wconf 87' lang='grc'><strong>666</strong></span> <span class='ocrx_word' id='word_1_130' title='bbox 399 3121 491 3191; x_wconf 81' lang='lat' dir='ltr'><strong>pietas</strong></span> <span class='ocrx_word' id='word_1_131' title='bbox 517 3125 541 3178; x_wconf 89' lang='lat' dir='ltr'><strong>si</strong></span> <span class='ocrx_word' id='word_1_132' title='bbox 568 3127 665 3179; x_wconf 88' lang='lat' dir='ltr'><strong>sancta</strong></span> 
     </span>
     <span class='ocr_line' id='line_1_29' title="bbox 224 3191 666 3265; baseline 0.011 -21"><span class='ocrx_word' id='word_1_133' title='bbox 224 3191 352 3246; x_wconf 87' lang='lat' dir='ltr'><strong>manebit</strong></span> <span class='ocrx_word' id='word_1_134' title='bbox 383 3209 498 3263; x_wconf 88' lang='lat' dir='ltr'><strong>corpore</strong></span> <span class='ocrx_word' id='word_1_135' title='bbox 530 3195 666 3265; x_wconf 81' lang='lat' dir='ltr'><strong>belligero</strong></span> 
     </span>
     <span class='ocr_line' id='line_1_30' title="bbox 227 3262 667 3333; baseline 0.009 -19"><span class='ocrx_word' id='word_1_136' title='bbox 227 3262 266 3314; x_wconf 92' lang='lat' dir='ltr'><strong>IX</strong></span> <span class='ocrx_word' id='word_1_137' title='bbox 302 3269 336 3316; x_wconf 89' lang='lat'><strong>31</strong></span> <span class='ocrx_word' id='word_1_138' title='bbox 373 3281 498 3333; x_wconf 78' lang='lat' dir='ltr'><strong>pugnam</strong></span> <span class='ocrx_word' id='word_1_139' title='bbox 533 3265 667 3320; x_wconf 75' lang='lat' dir='ltr'><strong>thalamis</strong></span> 
     </span>
     <span class='ocr_line' id='line_1_31' title="bbox 227 3333 666 3390; baseline 0.016 -6"><span class='ocrx_word' id='word_1_140' title='bbox 227 3335 337 3386; x_wconf 85' lang='lat' dir='ltr'><strong>exercet</strong></span> <span class='ocrx_word' id='word_1_141' title='bbox 351 3333 390 3384; x_wconf 93' lang='lat' dir='ltr'><strong>IX</strong></span> <span class='ocrx_word' id='word_1_142' title='bbox 404 3341 437 3388; x_wconf 87' lang='grc'><strong>63</strong></span> <span class='ocrx_word' id='word_1_143' title='bbox 456 3336 489 3388; x_wconf 88' lang='lat' dir='ltr'><strong>tu</strong></span> <span class='ocrx_word' id='word_1_144' title='bbox 503 3335 616 3390; x_wconf 81' lang='grc'><strong>666160</strong></span> <span class='ocrx_word' id='word_1_145' title='bbox 657 3365 666 3375; x_wconf 92' lang='grc'>-</span> 
     </span>
     <span class='ocr_line' id='line_1_32' title="bbox 225 3399 668 3470; baseline 0.011 -17"><span class='ocrx_word' id='word_1_146' title='bbox 225 3399 400 3470; x_wconf 79' lang='lat' dir='ltr'><strong>thiaregnas</strong></span> <span class='ocrx_word' id='word_1_147' title='bbox 419 3404 445 3457; x_wconf 88' lang='lat' dir='ltr'>X</span> <span class='ocrx_word' id='word_1_148' title='bbox 460 3410 511 3459; x_wconf 85' lang='grc'><strong>190</strong></span> <span class='ocrx_word' id='word_1_149' title='bbox 529 3406 605 3460; x_wconf 86' lang='lat' dir='ltr'><strong>iacet</strong></span> <span class='ocrx_word' id='word_1_150' title='bbox 638 3420 668 3458; x_wconf 93' lang='lat' dir='ltr'><strong>o·</strong></span> 
     </span>
     <span class='ocr_line' id='line_1_33' title="bbox 228 3467 667 3538; baseline 0.021 -18"><span class='ocrx_word' id='word_1_151' title='bbox 228 3467 283 3522; x_wconf 83' lang='lat' dir='ltr'><strong>stia</strong></span> <span class='ocrx_word' id='word_1_152' title='bbox 300 3471 414 3538; x_wconf 83' lang='lat' dir='ltr'><strong>templis</strong></span> <span class='ocrx_word' id='word_1_153' title='bbox 431 3472 457 3525; x_wconf 89' lang='lat' dir='ltr'>X</span> <span class='ocrx_word' id='word_1_154' title='bbox 475 3480 525 3527; x_wconf 85' lang='grc'><strong>193</strong></span> <span class='ocrx_word' id='word_1_155' title='bbox 549 3475 667 3529; x_wconf 84' lang='lat' dir='ltr'><strong>*domus</strong></span> 
     </span>
     <span class='ocr_line' id='line_1_34' title="bbox 226 3540 667 3598; baseline 0.011 -7"><span class='ocrx_word' id='word_1_156' title='bbox 226 3540 270 3592; x_wconf 85' lang='lat' dir='ltr'><strong>est</strong></span> <span class='ocrx_word' id='word_1_157' title='bbox 288 3554 337 3592; x_wconf 89' lang='lat' dir='ltr'><strong>ora</strong></span> <span class='ocrx_word' id='word_1_158' title='bbox 355 3541 509 3596; x_wconf 86' lang='lat' dir='ltr'><strong>clarissima</strong></span> <span class='ocrx_word' id='word_1_159' title='bbox 526 3544 625 3598; x_wconf 89' lang='lat' dir='ltr'><strong>mundi</strong></span> <span class='ocrx_word' id='word_1_160' title='bbox 641 3543 667 3596; x_wconf 89' lang='lat' dir='ltr'>X</span> 
     </span>
    </p>
   </div>
   <div class='ocr_carea' id='block_1_3' title="bbox 713 1144 1182 3388">
    <p class='ocr_par' dir='ltr' id='par_1_3' title="bbox 713 1144 1182 3388">
     <span class='ocr_line' id='line_1_35' title="bbox 728 1144 1173 1214; baseline 0.004 -16"><span class='ocrx_word' id='word_1_161' title='bbox 728 1150 781 1199; x_wconf 88' lang='grc'><strong>400</strong></span> <span class='ocrx_word' id='word_1_162' title='bbox 813 1161 869 1214; x_wconf 86' lang='lat' dir='ltr'><strong>qua</strong></span> <span class='ocrx_word' id='word_1_163' title='bbox 897 1144 996 1214; x_wconf 83' lang='lat' dir='ltr'><strong>(Luna)</strong></span> <span class='ocrx_word' id='word_1_164' title='bbox 1023 1145 1173 1200; x_wconf 87' lang='lat' dir='ltr'><strong>minuente</strong></span> 
     </span>
     <span class='ocr_line' id='line_1_36' title="bbox 727 1214 1173 1287; baseline 0.004 -18"><span class='ocrx_word' id='word_1_165' title='bbox 727 1215 800 1284; x_wconf 84' lang='lat' dir='ltr'><strong>polis</strong></span> <span class='ocrx_word' id='word_1_166' title='bbox 814 1215 873 1269; x_wconf 79' lang='lat' dir='ltr'><strong>Sat.</strong></span> <span class='ocrx_word' id='word_1_167' title='bbox 884 1221 935 1270; x_wconf 88' lang='grc'><strong>233</strong></span> <span class='ocrx_word' id='word_1_168' title='bbox 953 1214 1096 1285; x_wconf 75' lang='lat' dir='ltr'><strong>reptantia</strong></span> <span class='ocrx_word' id='word_1_169' title='bbox 1105 1233 1173 1287; x_wconf 79' lang='lat' dir='ltr'><strong>gra·</strong></span> 
     </span>
     <span class='ocr_line' id='line_1_37' title="bbox 729 1285 1175 1344; baseline 0.002 -2"><span class='ocrx_word' id='word_1_170' title='bbox 729 1285 896 1342; x_wconf 74' lang='lat' dir='ltr'><strong>minatensis</strong></span> <span class='ocrx_word' id='word_1_171' title='bbox 908 1285 967 1340; x_wconf 77' lang='lat' dir='ltr'><strong>Sat.</strong></span> <span class='ocrx_word' id='word_1_172' title='bbox 978 1292 1030 1341; x_wconf 92' lang='grc'><strong>277</strong></span> <span class='ocrx_word' id='word_1_173' title='bbox 1041 1317 1075 1326; x_wconf 93' lang='lat'><em>-</em></span> <span class='ocrx_word' id='word_1_174' title='bbox 1084 1288 1175 1344; x_wconf 87' lang='lat' dir='ltr'><strong>muris</strong></span> 
     </span>
     <span class='ocr_line' id='line_1_38' title="bbox 730 1356 1172 1426; baseline 0.007 -17"><span class='ocrx_word' id='word_1_175' title='bbox 730 1356 864 1426; x_wconf 88' lang='lat' dir='ltr'><strong>depellite</strong></span> <span class='ocrx_word' id='word_1_176' title='bbox 889 1356 1005 1411; x_wconf 62' lang='lat' dir='ltr'><strong>fratem</strong></span> <span class='ocrx_word' id='word_1_177' title='bbox 1032 1356 1098 1411; x_wconf 92' lang='lat' dir='ltr'><strong>VIII</strong></span> <span class='ocrx_word' id='word_1_178' title='bbox 1117 1364 1172 1414; x_wconf 91' lang='grc'><strong>161</strong></span> 
     </span>
     <span class='ocr_line' id='line_1_39' title="bbox 729 1426 1175 1498; baseline 0.002 -17"><span class='ocrx_word' id='word_1_179' title='bbox 729 1429 843 1496; x_wconf 89' lang='lat' dir='ltr'><strong>pectore</strong></span> <span class='ocrx_word' id='word_1_180' title='bbox 863 1426 955 1482; x_wconf 85' lang='lat' dir='ltr'><strong>Cisseo</strong></span> <span class='ocrx_word' id='word_1_181' title='bbox 978 1428 1105 1496; x_wconf 84' lang='lat' dir='ltr'><strong>rapiatur</strong></span> <span class='ocrx_word' id='word_1_182' title='bbox 1127 1427 1175 1498; x_wconf 90' lang='lat' dir='ltr'><strong>pi-</strong></span> 
     </span>
     <span class='ocr_line' id='line_1_40' title="bbox 730 1497 1175 1569; baseline -0.002 -16"><span class='ocrx_word' id='word_1_183' title='bbox 730 1515 801 1567; x_wconf 82' lang='lat' dir='ltr'><strong>gnus</strong></span> <span class='ocrx_word' id='word_1_184' title='bbox 815 1498 947 1553; x_wconf 88' lang='lat' dir='ltr'><strong>acerbum</strong></span> <span class='ocrx_word' id='word_1_185' title='bbox 960 1497 1026 1552; x_wconf 92' lang='lat' dir='ltr'><strong>VIII</strong></span> <span class='ocrx_word' id='word_1_186' title='bbox 1041 1505 1093 1554; x_wconf 85' lang='lat'><strong>164</strong></span> <span class='ocrx_word' id='word_1_187' title='bbox 1106 1517 1175 1569; x_wconf 81' lang='lat' dir='ltr'><strong>gur-</strong></span> 
     </span>
     <span class='ocr_line' id='line_1_41' title="bbox 729 1569 1176 1638; baseline 0.004 -16"><span class='ocrx_word' id='word_1_188' title='bbox 729 1569 789 1638; x_wconf 85' lang='lat' dir='ltr'><strong>gite</strong></span> <span class='ocrx_word' id='word_1_189' title='bbox 817 1570 933 1624; x_wconf 87' lang='lat' dir='ltr'><strong>curuato</strong></span> <span class='ocrx_word' id='word_1_190' title='bbox 960 1569 1106 1638; x_wconf 88' lang='lat' dir='ltr'><strong>rapiuntur</strong></span> <span class='ocrx_word' id='word_1_191' title='bbox 1135 1570 1176 1624; x_wconf 82' lang='lat' dir='ltr'><strong>ad</strong></span> 
     </span>
     <span class='ocr_line' id='line_1_42' title="bbox 731 1638 1174 1694; baseline 0 0"><span class='ocrx_word' id='word_1_192' title='bbox 731 1641 806 1694; x_wconf 86' lang='lat' dir='ltr'><strong>astra</strong></span> <span class='ocrx_word' id='word_1_193' title='bbox 823 1639 951 1694; x_wconf 87' lang='lat' dir='ltr'><strong>liburnae</strong></span> <span class='ocrx_word' id='word_1_194' title='bbox 970 1638 1037 1694; x_wconf 91' lang='lat' dir='ltr'><strong>VIII</strong></span> <span class='ocrx_word' id='word_1_195' title='bbox 1055 1645 1106 1694; x_wconf 86' lang='grc'><strong>387</strong></span> <span class='ocrx_word' id='word_1_196' title='bbox 1125 1657 1174 1694; x_wconf 87' lang='lat' dir='ltr'><strong>ex-</strong></span> 
     </span>
     <span class='ocr_line' id='line_1_43' title="bbox 730 1709 1176 1780; baseline 0 -16"><span class='ocrx_word' id='word_1_197' title='bbox 730 1712 843 1780; x_wconf 84' lang='lat' dir='ltr'><strong>torquet</strong></span> <span class='ocrx_word' id='word_1_198' title='bbox 864 1710 970 1765; x_wconf 87' lang='lat' dir='ltr'><strong>uertice</strong></span> <span class='ocrx_word' id='word_1_199' title='bbox 994 1709 1081 1765; x_wconf 88' lang='lat' dir='ltr'><strong>crines</strong></span> <span class='ocrx_word' id='word_1_200' title='bbox 1105 1710 1176 1764; x_wconf 92' lang='lat' dir='ltr'><strong>VIII</strong></span> 
     </span>
     <span class='ocr_line' id='line_1_44' title="bbox 731 1781 1176 1837; baseline 0.004 -2"><span class='ocrx_word' id='word_1_201' title='bbox 731 1786 783 1836; x_wconf 84' lang='grc'><strong>576</strong></span> <span class='ocrx_word' id='word_1_202' title='bbox 800 1781 967 1836; x_wconf 86' lang='lat' dir='ltr'><strong>subduceret</strong></span> <span class='ocrx_word' id='word_1_203' title='bbox 980 1782 1079 1836; x_wconf 87' lang='lat' dir='ltr'><strong>arbore</strong></span> <span class='ocrx_word' id='word_1_204' title='bbox 1093 1782 1176 1837; x_wconf 83' lang='grc'><strong>16666</strong></span> 
     </span>
     <span class='ocr_line' id='line_1_45' title="bbox 731 1851 1175 1908; baseline 0 -2"><span class='ocrx_word' id='word_1_205' title='bbox 731 1851 804 1906; x_wconf 74' lang='grc'><strong>1136</strong></span> <span class='ocrx_word' id='word_1_206' title='bbox 823 1853 916 1908; x_wconf 88' lang='lat' dir='ltr'><strong>soluat</strong></span> <span class='ocrx_word' id='word_1_207' title='bbox 934 1851 1041 1907; x_wconf 89' lang='lat' dir='ltr'><strong>ceruice</strong></span> <span class='ocrx_word' id='word_1_208' title='bbox 1058 1854 1175 1907; x_wconf 85' lang='lat' dir='ltr'><strong>catenas</strong></span> 
     </span>
     <span class='ocr_line' id='line_1_46' title="bbox 731 1922 1176 1990; baseline 0.004 -14"><span class='ocrx_word' id='word_1_209' title='bbox 731 1922 757 1976; x_wconf 89' lang='lat' dir='ltr'>X</span> <span class='ocrx_word' id='word_1_210' title='bbox 773 1929 806 1978; x_wconf 85' lang='grc'><strong>78</strong></span> <span class='ocrx_word' id='word_1_211' title='bbox 826 1923 979 1990; x_wconf 84' lang='lat' dir='ltr'><strong>matrisque</strong></span> <span class='ocrx_word' id='word_1_212' title='bbox 992 1923 1054 1977; x_wconf 89' lang='lat' dir='ltr'><strong>sinu</strong></span> <span class='ocrx_word' id='word_1_213' title='bbox 1068 1939 1096 1977; x_wconf 89' lang='lat' dir='ltr'><strong>se</strong></span> <span class='ocrx_word' id='word_1_214' title='bbox 1110 1923 1176 1978; x_wconf 87' lang='lat' dir='ltr'><strong>sub·</strong></span> 
     </span>
     <span class='ocr_line' id='line_1_47' title="bbox 731 1993 1176 2050; baseline 0 -2"><span class='ocrx_word' id='word_1_215' title='bbox 731 1993 820 2050; x_wconf 80' lang='lat' dir='ltr'><strong>trahit</strong></span> <span class='ocrx_word' id='word_1_216' title='bbox 830 1995 888 2050; x_wconf 88' lang='grc'><strong>6166</strong></span> <span class='ocrx_word' id='word_1_217' title='bbox 896 1993 922 2047; x_wconf 90' lang='lat' dir='ltr'>X</span> <span class='ocrx_word' id='word_1_218' title='bbox 934 2000 984 2048; x_wconf 86' lang='grc'><strong>146</strong></span> <span class='ocrx_word' id='word_1_219' title='bbox 998 1995 1103 2048; x_wconf 83' lang='lat' dir='ltr'><strong>uenatu</strong></span> <span class='ocrx_word' id='word_1_220' title='bbox 1111 1994 1176 2048; x_wconf 86' lang='lat' dir='ltr'><strong>red-</strong></span> 
     </span>
     <span class='ocr_line' id='line_1_48' title="bbox 731 2063 1177 2134; baseline -0.002 -15"><span class='ocrx_word' id='word_1_221' title='bbox 731 2065 791 2120; x_wconf 89' lang='lat' dir='ltr'><strong>iens</strong></span> <span class='ocrx_word' id='word_1_222' title='bbox 816 2065 843 2119; x_wconf 92' lang='lat' dir='ltr'>X</span> <span class='ocrx_word' id='word_1_223' title='bbox 865 2071 917 2120; x_wconf 85' lang='grc'><strong>284</strong></span> <span class='ocrx_word' id='word_1_224' title='bbox 945 2064 1039 2119; x_wconf 88' lang='lat' dir='ltr'><strong>stratis</strong></span> <span class='ocrx_word' id='word_1_225' title='bbox 1064 2063 1177 2134; x_wconf 84' lang='lat' dir='ltr'><strong>rapitur</strong></span> 
     </span>
     <span class='ocr_line' id='line_1_49' title="bbox 729 2134 1176 2260; baseline 0 -70"><span class='ocrx_word' id='word_1_226' title='bbox 729 2135 757 2260; x_wconf 51' lang='grc' dir='ltr'>ἒ</span> <span class='ocrx_word' id='word_1_227' title='bbox 775 2143 828 2192; x_wconf 88' lang='grc'><strong>360</strong></span> <span class='ocrx_word' id='word_1_228' title='bbox 850 2136 900 2190; x_wconf 80' lang='lat' dir='ltr'><strong>*se</strong></span> <span class='ocrx_word' id='word_1_229' title='bbox 917 2135 1018 2190; x_wconf 83' lang='lat' dir='ltr'><strong>tellure</strong></span> <span class='ocrx_word' id='word_1_230' title='bbox 1037 2134 1176 2190; x_wconf 80' lang='lat' dir='ltr'><strong>leuabant</strong></span> 
     </span>
     <span class='ocr_line' id='line_1_50' title="bbox 713 2277 1178 2474; baseline -0.002 -72"><span class='ocrx_word' id='word_1_231' title='bbox 713 2277 1178 2474; x_wconf 47' lang='lat' dir='ltr'><strong>affigigbcbispiirilnltmeabiutid</strong></span> 
     </span>
     <span class='ocr_line' id='line_1_51' title="bbox 716 2490 1178 2544; baseline -0.006 0"><span class='ocrx_word' id='word_1_232' title='bbox 716 2491 936 2544; x_wconf 69' lang='lat' dir='ltr'><strong>accusatione</strong></span> <span class='ocrx_word' id='word_1_233' title='bbox 954 2505 1014 2544; x_wconf 78' lang='lat' dir='ltr'><strong>cmo</strong></span> <span class='ocrx_word' id='word_1_234' title='bbox 1027 2490 1118 2542; x_wconf 78' lang='grc'><strong>6606</strong></span> <span class='ocrx_word' id='word_1_235' title='bbox 1131 2505 1178 2542; x_wconf 80' lang='lat' dir='ltr'><strong>ro-</strong></span> 
     </span>
     <span class='ocr_line' id='line_1_52' title="bbox 733 2559 1178 2630; baseline -0.004 -16"><span class='ocrx_word' id='word_1_236' title='bbox 733 2561 821 2630; x_wconf 69' lang='grc'><strong>96661</strong></span> <span class='ocrx_word' id='word_1_237' title='bbox 856 2561 983 2629; x_wconf 65' lang='lat' dir='ltr'><strong>iuppiter</strong></span> <span class='ocrx_word' id='word_1_238' title='bbox 1019 2559 1178 2613; x_wconf 84' lang='lat' dir='ltr'><strong>Telamona</strong></span> 
     </span>
     <span class='ocr_line' id='line_1_53' title="bbox 734 2631 1178 2698; baseline -0.002 -14"><span class='ocrx_word' id='word_1_239' title='bbox 734 2631 834 2684; x_wconf 87' lang='lat' dir='ltr'><strong>ducem</strong></span> <span class='ocrx_word' id='word_1_240' title='bbox 862 2631 1029 2685; x_wconf 84' lang='lat' dir='ltr'><strong>conuentum</strong></span> <span class='ocrx_word' id='word_1_241' title='bbox 1056 2645 1178 2698; x_wconf 84' lang='lat' dir='ltr'><strong>exposce</strong></span> 
     </span>
     <span class='ocr_line' id='line_1_54' title="bbox 735 2699 1178 2768; baseline -0.005 -13"><span class='ocrx_word' id='word_1_242' title='bbox 735 2717 856 2755; x_wconf 87' lang='lat' dir='ltr'><strong>sororem</strong></span> <span class='ocrx_word' id='word_1_243' title='bbox 878 2700 944 2754; x_wconf 91' lang='lat' dir='ltr'><strong>VIII</strong></span> <span class='ocrx_word' id='word_1_244' title='bbox 963 2707 1014 2755; x_wconf 89' lang='grc'><strong>226</strong></span> <span class='ocrx_word' id='word_1_245' title='bbox 1041 2699 1108 2753; x_wconf 89' lang='lat' dir='ltr'><strong>dum</strong></span> <span class='ocrx_word' id='word_1_246' title='bbox 1125 2716 1178 2768; x_wconf 84' lang='lat' dir='ltr'><strong>pe·</strong></span> 
     </span>
     <span class='ocr_line' id='line_1_55' title="bbox 733 2769 1180 2837; baseline -0.007 -11"><span class='ocrx_word' id='word_1_247' title='bbox 733 2774 806 2827; x_wconf 86' lang='lat' dir='ltr'><strong>teret</strong></span> <span class='ocrx_word' id='word_1_248' title='bbox 815 2771 966 2826; x_wconf 88' lang='lat' dir='ltr'><strong>Dominum</strong></span> <span class='ocrx_word' id='word_1_249' title='bbox 985 2769 1044 2825; x_wconf 77' lang='lat' dir='ltr'><strong>sat.</strong></span> <span class='ocrx_word' id='word_1_250' title='bbox 1055 2776 1105 2824; x_wconf 88' lang='grc'><strong>166</strong></span> <span class='ocrx_word' id='word_1_251' title='bbox 1125 2769 1180 2837; x_wconf 90' lang='lat' dir='ltr'><strong>qui</strong></span> 
     </span>
     <span class='ocr_line' id='line_1_56' title="bbox 733 2841 1179 2910; baseline -0.004 -14"><span class='ocrx_word' id='word_1_252' title='bbox 733 2842 825 2910; x_wconf 87' lang='lat' dir='ltr'><strong>poscit</strong></span> <span class='ocrx_word' id='word_1_253' title='bbox 836 2873 864 2882; x_wconf 91' lang='lat'><strong>·-</strong></span> <span class='ocrx_word' id='word_1_254' title='bbox 882 2842 972 2896; x_wconf 89' lang='lat' dir='ltr'><strong>Deum</strong></span> <span class='ocrx_word' id='word_1_255' title='bbox 991 2841 1049 2896; x_wconf 80' lang='lat' dir='ltr'><strong>Sat.</strong></span> <span class='ocrx_word' id='word_1_256' title='bbox 1065 2845 1117 2895; x_wconf 85' lang='grc'><strong>306</strong></span> <span class='ocrx_word' id='word_1_257' title='bbox 1137 2841 1179 2906; x_wconf 81' lang='lat' dir='ltr'><strong>cf.</strong></span> 
     </span>
     <span class='ocr_line' id='line_1_57' title="bbox 736 2911 892 2968; baseline 0 -2"><span class='ocrx_word' id='word_1_258' title='bbox 736 2911 820 2967; x_wconf 80' lang='lat' dir='ltr'><strong>Orest.</strong></span> <span class='ocrx_word' id='word_1_259' title='bbox 841 2919 892 2968; x_wconf 89' lang='grc'><strong>633</strong></span> 
     </span>
     <span class='ocr_line' id='line_1_58' title="bbox 716 2982 1031 3038; baseline -0.003 -1"><span class='ocrx_word' id='word_1_260' title='bbox 716 2983 803 3038; x_wconf 85' lang='lat' dir='ltr'><strong>acris</strong></span> <span class='ocrx_word' id='word_1_261' title='bbox 822 2983 882 3037; x_wconf 89' lang='lat' dir='ltr'><strong>auis</strong></span> <span class='ocrx_word' id='word_1_262' title='bbox 901 2982 960 3036; x_wconf 76' lang='lat' dir='ltr'><strong>Sar.</strong></span> <span class='ocrx_word' id='word_1_263' title='bbox 980 2987 1031 3036; x_wconf 87' lang='grc'><strong>266</strong></span> 
     </span>
     <span class='ocr_line' id='line_1_59' title="bbox 716 3049 1181 3122; baseline -0.009 -14"><span class='ocrx_word' id='word_1_264' title='bbox 716 3053 757 3108; x_wconf 86' lang='lat' dir='ltr'><strong>ad</strong></span> <span class='ocrx_word' id='word_1_265' title='bbox 781 3052 903 3122; x_wconf 78' lang='lat' dir='ltr'><strong>Cyprum</strong></span> <span class='ocrx_word' id='word_1_266' title='bbox 926 3052 1088 3107; x_wconf 88' lang='lat' dir='ltr'><strong>uenientem</strong></span> <span class='ocrx_word' id='word_1_267' title='bbox 1109 3049 1181 3105; x_wconf 83' lang='lat' dir='ltr'><strong>VIII</strong></span> 
     </span>
     <span class='ocr_line' id='line_1_60' title="bbox 736 3122 1181 3193; baseline -0.011 -14"><span class='ocrx_word' id='word_1_268' title='bbox 736 3131 787 3179; x_wconf 87' lang='grc'><strong>673</strong></span> <span class='ocrx_word' id='word_1_269' title='bbox 815 3139 921 3193; x_wconf 88' lang='lat' dir='ltr'><strong>ponens</strong></span> <span class='ocrx_word' id='word_1_270' title='bbox 939 3122 980 3177; x_wconf 88' lang='lat' dir='ltr'><strong>ad</strong></span> <span class='ocrx_word' id='word_1_271' title='bbox 997 3122 1081 3176; x_wconf 84' lang='lat' dir='ltr'><strong>busta</strong></span> <span class='ocrx_word' id='word_1_272' title='bbox 1103 3136 1181 3175; x_wconf 84' lang='lat' dir='ltr'><strong>coro-</strong></span> 
     </span>
     <span class='ocr_line' id='line_1_61' title="bbox 735 3190 1180 3248; baseline -0.011 0"><span class='ocrx_word' id='word_1_273' title='bbox 735 3211 801 3248; x_wconf 84' lang='grc'><strong>666</strong></span> <span class='ocrx_word' id='word_1_274' title='bbox 819 3193 845 3248; x_wconf 88' lang='grc' dir='ltr'>Χ</span> <span class='ocrx_word' id='word_1_275' title='bbox 862 3200 914 3248; x_wconf 84' lang='grc'><strong>436</strong></span> <span class='ocrx_word' id='word_1_276' title='bbox 939 3192 1039 3247; x_wconf 83' lang='lat' dir='ltr'><strong>infelix</strong></span> <span class='ocrx_word' id='word_1_277' title='bbox 1060 3190 1101 3246; x_wconf 88' lang='lat' dir='ltr'><strong>ad</strong></span> <span class='ocrx_word' id='word_1_278' title='bbox 1124 3190 1180 3244; x_wconf 89' lang='lat' dir='ltr'><strong>cri-</strong></span> 
     </span>
     <span class='ocr_line' id='line_1_62' title="bbox 735 3259 1180 3319; baseline -0.004 -1"><span class='ocrx_word' id='word_1_279' title='bbox 735 3263 812 3318; x_wconf 89' lang='lat' dir='ltr'><strong>mina</strong></span> <span class='ocrx_word' id='word_1_280' title='bbox 845 3263 969 3319; x_wconf 87' lang='lat' dir='ltr'><strong>conscius</strong></span> <span class='ocrx_word' id='word_1_281' title='bbox 1002 3279 1059 3317; x_wconf 88' lang='lat' dir='ltr'><strong>esse</strong></span> <span class='ocrx_word' id='word_1_282' title='bbox 1091 3259 1117 3313; x_wconf 99' lang='lat' dir='ltr'><strong>V</strong></span> <span class='ocrx_word' id='word_1_283' title='bbox 1142 3267 1180 3316; x_wconf 89' lang='grc'><strong>71</strong></span> 
     </span>
     <span class='ocr_line' id='line_1_63' title="bbox 737 3330 1182 3388; baseline -0.011 0"><span class='ocrx_word' id='word_1_284' title='bbox 737 3334 778 3388; x_wconf 88' lang='lat' dir='ltr'><strong>ad</strong></span> <span class='ocrx_word' id='word_1_285' title='bbox 800 3335 902 3388; x_wconf 87' lang='lat' dir='ltr'><strong>Persas</strong></span> <span class='ocrx_word' id='word_1_286' title='bbox 924 3333 1014 3387; x_wconf 85' lang='lat' dir='ltr'><strong>honor</strong></span> <span class='ocrx_word' id='word_1_287' title='bbox 1041 3332 1083 3386; x_wconf 87' lang='lat' dir='ltr'><strong>est</strong></span> <span class='ocrx_word' id='word_1_288' title='bbox 1106 3330 1131 3384; x_wconf 90' lang='lat' dir='ltr'><strong>si</strong></span> <span class='ocrx_word' id='word_1_289' title='bbox 1150 3362 1182 3373; x_wconf 91' lang='lat'><em>-</em></span> 
     </span>
    </p>
   </div>
   <div class='ocr_carea' id='block_1_4' title="bbox 718 3404 1183 3612">
    <p class='ocr_par' dir='ltr' id='par_1_4' title="bbox 718 3404 1183 3612">
     <span class='ocr_line' id='line_1_64' title="bbox 718 3404 1183 3543; baseline 0 -17"><span class='ocrx_word' id='word_1_290' title='bbox 718 3404 908 3543; x_wconf 60' lang='lat' dir='ltr'><strong>(pliinsgbrdor)</strong></span> <span class='ocrx_word' id='word_1_291' title='bbox 938 3473 1094 3527; x_wconf 86' lang='lat' dir='ltr'><strong>adlectus</strong></span> <span class='ocrx_word' id='word_1_292' title='bbox 1123 3471 1183 3526; x_wconf 89' lang='lat' dir='ltr'><strong>dis-</strong></span> 
     </span>
     <span class='ocr_line' id='line_1_65' title="bbox 735 3543 991 3612; baseline 0 -16"><span class='ocrx_word' id='word_1_293' title='bbox 735 3545 837 3612; x_wconf 85' lang='lat' dir='ltr'><strong>pensat</strong></span> <span class='ocrx_word' id='word_1_294' title='bbox 853 3543 920 3597; x_wconf 93' lang='lat' dir='ltr'><strong>VIII</strong></span> <span class='ocrx_word' id='word_1_295' title='bbox 940 3549 991 3596; x_wconf 91' lang='lat'><strong>114</strong></span> 
     </span>
    </p>
   </div>
   <div class='ocr_carea' id='block_1_5' title="bbox 254 942 1122 1018">
    <p class='ocr_par' dir='ltr' id='par_1_5' title="bbox 254 817 1301 1018">
     <span class='ocr_line' id='line_1_66' title="bbox 254 942 1122 1018; baseline 0 0"><span class='ocrx_word' id='word_1_296' title='bbox 254 943 488 1018; x_wconf 81' lang='lat' dir='ltr'><strong>SERMONIS</strong></span> <span class='ocrx_word' id='word_1_297' title='bbox 516 942 845 1016; x_wconf 80' lang='lat' dir='ltr'><strong>DRAOONTIANI</strong></span> <span class='ocrx_word' id='word_1_298' title='bbox 873 942 1122 1018; x_wconf 81' lang='lat' dir='ltr'><strong>SPllOlMFlN.</strong></span> 
     </span>
    </p>
   </div>
   <div class='ocr_carea' id='block_1_6' title="bbox 0 0 1319 3946">
    <p class='ocr_par' dir='ltr' id='par_1_6' title="bbox 0 0 1319 3946">
     <span class='ocr_line' id='line_1_67' title="bbox 0 0 1319 3946; baseline 0 0"><span class='ocrx_word' id='word_1_299' title='bbox 0 0 1319 3946; x_wconf 95' lang='lat' dir='ltr'><strong> </strong></span> 
     </span>
    </p>
   </div>
  </div>
 </body>
</html>
