2576 3936
457 307 763 384 PRAEFATIO.

190 443 348 508 Draconti
377 442 519 506 carmina
545 443 649 506 adhuc
676 442 799 521 inedita
825 441 964 526 Neapoli
991 442 1091 506 latere

126 549 251 612 nupera
271 532 382 611 raptus
404 525 546 590 Helenae
567 527 664 590 editio
686 526 867 610 Romana¹)
890 548 949 590 nos
972 528 1090 610 docuit,
1157 590 1167 596 .

126 613 332 711 confirmavit
353 611 525 695 catalogus
539 611 646 696 regiae
668 611 884 709 bibliothecae
904 610 1089 694 Neapolita-

125 694 1092 863 thathlitt?slffitlptttstttntttt

126 867 236 948 Atque
250 864 393 928 Helenae
415 868 527 946 raptus
545 885 618 928 cum
639 867 769 946 poetam
791 865 947 928 indicaret
962 863 1091 929 doctum

127 971 230 1032 ecque
248 949 303 1032 qui
325 950 467 1014 carmina
492 947 570 1012 fecit
592 947 768 1013 christiana
789 951 816 1012 si
838 971 906 1013 non
926 949 1091 1013 meliorem

127 1036 213 1097 certe
236 1032 457 1116 eruditiorem,
484 1054 582 1115 porro
611 1031 652 1096 ad
680 1032 846 1097 literarum
876 1037 908 1097 et
935 1034 1091 1097 sermonis

126 1117 274 1181 Africani
295 1117 446 1182 notitiam
467 1116 719 1200 promovendam
744 1118 856 1182 utilem
886 1138 990 1201 neque
1013 1118 1094 1182 indi·

127 1223 228 1286 gnum
243 1203 333 1266 cuius
348 1202 492 1266 carmina
506 1201 541 1266 in
557 1200 662 1265 lucem
675 1202 949 1286 protraherentur,
965 1201 1093 1285 Neapo-

126 1287 175 1350 lin
189 1285 353 1369 profectus
369 1286 521 1369 descripsi
535 1307 616 1369 quae
627 1285 713 1368 typis
729 1308 816 1350 nunc
830 1287 919 1350 vides
934 1308 973 1350 ex
995 1307 1090 1350 ressa.

207 1368 315 1434 Codex
359 1374 407 1434 est
442 1370 656 1434 bibliothecae
681 1371 867 1435 -naticnalis
908 1368 958 1434 IV
1049 1372 1091 1434 48

127 1453 314 1518 chartaceus
346 1455 381 1517 in
413 1453 493 1518 folio
523 1455 660 1536 scriptus
693 1455 818 1519 saeculo
841 1453 905 1519 XV
926 1453 1091 1519 desinente

126 1538 179 1601 vel
201 1537 281 1602 XVI
301 1539 442 1603 ineunte.
474 1537 628 1603 Continet
648 1543 757 1604 autem
778 1538 867 1604 OXV
889 1538 1016 1624 paginis
1040 1538 1090 1602 de-

127 1644 195 1685 cem
216 1620 374 1686 Draconti
403 1622 545 1686 carmina
567 1628 599 1687 et
627 1622 741 1687 decimi
769 1622 991 1708 apographum
1013 1623 1090 1687 alte-

126 1728 214 1788 rum,
243 1707 355 1770 eodem
377 1729 440 1790 quo
469 1729 529 1771 nos
562 1707 675 1770 excudi
703 1708 853 1772 iussimus
882 1707 994 1771 ordine
1021 1729 1091 1790 per-

119 1790 254 1872 scripta.
300 1789 415 1854 Titulis
445 1791 733 1875 subscriptionibus
758 1792 899 1856 numeris
932 1791 996 1855 alia
1027 1814 1094 1856 ma·

126 1895 188 1937 nus
220 1878 399 1952 atramento
425 1875 528 1960 magis
559 1877 654 1960 nigro
683 1898 741 1940 usa
773 1876 944 1973 intervalla
976 1876 1093 1974 quibus

128 1979 270 2107 {tlt}
287 1957 1091 2129 illatenustrituraretur:

126 2129 213 2209 tatur
236 2126 346 2191 eadem
366 2150 481 2192 manus
503 2128 685 2212 adpinxisse
699 2130 827 2194 videtur
842 2151 924 2212 quae
947 2129 1089 2193 carmina

126 2231 243 2275 novem
258 2212 366 2295 priora
382 2216 414 2276 et
425 2213 539 2276 decimi
553 2251 590 2260 -
600 2213 780 2277 Medeae-
795 2213 1018 2301 apographum
1034 2235 1090 2296 pc·

127 2296 241 2358 sterius
265 2296 407 2360 exaravit
433 2297 510 2360 satis
531 2297 618 2361 hona
632 2300 741 2380 atque
764 2297 910 2395 diligens.
944 2297 1090 2361 Priorem

127 2399 203 2442 vero
233 2377 379 2443 Medeam
407 2402 488 2463 quae
521 2382 648 2464 scripsit
679 2404 793 2446 manus
820 2403 855 2445 m
883 2381 994 2446 charta
1028 2383 1091 2446 exi-

126 2461 206 2526 liore
234 2463 390 2546 serpentis
413 2465 506 2550 signo
528 2469 656 2549 notata,
684 2466 787 2551 magis
809 2466 915 2530 fluitat
945 2472 977 2530 ct
999 2467 1090 2549 quasi

126 2547 210 2629 rapit
245 2546 354 2612 literas
387 2571 491 2633 neque
524 2550 682 2615 linearum
716 2555 839 2615 certum
871 2549 1016 2623 ordinem
1044 2572 1090 2614 se-

127 2632 235 2713 quitur
257 2641 313 2696 aut
335 2633 473 2715 speciem
494 2634 672 2718 faciemque
694 2635 830 2699 nitidam
852 2638 950 2699 curat.
986 2633 1090 2710 Quare

125 2737 191 2778 non
219 2719 268 2780 cst
295 2717 381 2799 quod
408 2719 561 2783 miremur
589 2740 662 2782 eum
690 2719 746 2802 qui
773 2720 951 2802 possederit
972 2719 1090 2783 librum

126 2803 181 2863 aut
209 2801 450 2918 conscripserit,
479 2804 702 2900 apographum
730 2804 827 2886 paulo
854 2803 988 2887 politius
1018 2803 1091 2867 sub-

126 2882 275 2951 iunxisse.
312 2884 397 2950 ham
420 2886 524 2950 solum
545 2909 634 2971 pr1us
657 2888 819 2971 exemplar
841 2887 1023 2952 adeundum
1039 2892 1090 2951 est

5 3011 7 3020 .
101 2988 227 3051 -neque
255 2968 323 3032 ulla
351 2970 443 3034 alteri
471 2971 525 3034 isti
552 2972 630 3035 fides
657 2972 828 3036 tribuenda
855 2973 974 3056 quippe
1003 2971 1090 3055 quod

124 3072 191 3114 non
214 3051 355 3118 discedat
376 3076 395 3118 a
416 3056 523 3137 priore
545 3056 608 3119 nisi
631 3057 687 3121 ubi
710 3057 762 3120 vel
785 3057 896 3122 oculus
926 3056 978 3120 vel
1007 3055 1090 3120 cala-

123 3155 193 3199 mus
216 3137 338 3202 seribae
360 3138 468 3222 lapsus
491 3139 533 3204 sit
554 3161 671 3208 errore.

192 3238 218 3304 1)
241 3241 389 3306 Appendix
412 3244 446 3294 ad
470 3259 555 3308 opera
580 3243 655 3294 edita
686 3245 720 3294 ab
744 3245 850 3310 Angelo
872 3245 954 3297 Maio.
985 3243 1089 3294 Romae

123 3305 342 3359 MDOOCLXXI
362 3327 388 3375 p.
410 3313 441 3362 10
459 3327 518 3376 sqq.

181 3373 216 3443 ι2)
241 3375 392 3441 catalogus
414 3378 605 3430 Bibliothecae
627 3379 748 3430 Latinae
770 3379 873 3429 veteris
896 3386 925 3428 et
948 3378 1086 3429 classicae

123 3443 328 3508 manuscriptae
335 3460 405 3509 quae
415 3445 443 3494 in
455 3448 531 3510 regio
536 3447 721 3511 Neapolitano
730 3447 825 3497 Museo
832 3447 985 3498 Borbonico
995 3446 1087 3496 adser-

123 3513 203 3559 vatur
221 3509 375 3576 descriptus
394 3527 411 3562 a
424 3512 540 3564 Gataldo
553 3515 699 3568 Iannellio.
727 3515 843 3580 Neapoli
855 3513 1088 3565 MDCCCXXVII

10 3623 12 3658 ,
82 3616 85 3624 ,
123 3591 149 3639 p.
169 3579 220 3628 172
239 3592 299 3642 sqq.

766 3666 884 3718 .a*
