2576 3936
502 224 571 274 VIII
588 226 722 276 lac-553

199 373 346 440 Conubio
362 395 473 438 seruus
488 373 617 438 ueniam
631 374 691 438 sub
708 374 780 459 lege
794 375 903 439 mariti

130 473 183 522 525
196 458 301 524 Nocte
317 457 432 542 dieque
446 479 568 540 pauens
584 457 736 541 quidnam
750 459 831 522 uelit
845 458 902 524 illa
915 459 1026 524 iubere

199 542 288 619 Quae
302 543 408 627 specie
422 541 569 627 fulgente
583 544 689 607 micat.
720 541 886 607 Menelaus
903 545 1031 609 oberrat

197 627 339 693 Numine
355 629 540 710 contempto
556 648 623 691 non
639 627 756 711 dicam,
774 628 910 713 coniuge
925 627 1075 740 pulchra,
1171 646 1173 650 ·

200 711 354 788 Quamuis
368 733 489 775 numen
504 710 595 775 adest
608 712 742 776 ueniens
757 711 796 775 de
811 713 910 795 stirpe
930 713 1083 778 sonantis

199 796 293 861 Unde
309 817 411 881 genus
427 794 531 860 duco’
560 817 637 860 mox
650 796 730 860 haec
745 799 794 860 est
807 799 906 860 uerba
921 796 1069 881 locutus,

134 893 187 943 530
200 879 390 964 'tyndaridis
404 879 516 944 faciles
531 880 682 963 quatiunt
696 881 834 963 suspiria
848 903 960 946 sensus

197 965 242 1029 Ilt
256 965 302 1028 sic
318 985 390 1029 orsa
403 963 516 1028 refert:
540 969 639 1048 ‘quae
654 966 696 1028 sit
710 969 780 1049 tua,
796 965 945 1049 pulcher,
960 966 1053 1050 origo

198 1049 243 1114 Te
257 1049 412 1113 reticente
427 1048 530 1133 magis
545 1048 664 1113 dudum
680 1050 891 1135 cognocimus
907 1071 1027 1116 omnes.

198 1133 258 1197 Est
272 1154 441 1197 commune
455 1152 572 1217 genus:
595 1133 716 1216 pariter
729 1138 786 1198 tua
800 1155 900 1220 regna
914 1139 1076 1220 petamus,

200 1216 249 1282 Sis
264 1217 346 1281 mihi
360 1221 397 1281 tu
412 1217 553 1282 coniunx
569 1220 602 1282 et
616 1218 676 1281 sim
690 1219 752 1282 tibi
767 1217 799 1282 di
846 1219 896 1283 ior
912 1241 1002 1284 uxor.

135 1314 185 1364 535
196 1301 269 1380 Η55
283 1323 359 1366 nam
372 1301 441 1366 fata
455 1301 569 1366 iubent
584 1301 637 1365 uel
651 1323 712 1366 nos
725 1302 788 1367 hoc
820 1303 949 1386 uppiter
962 1308 1095 1388 urguet:

199 1385 319 1451 Uiuere
333 1407 385 1450 me
400 1385 522 1470 gemini
537 1385 631 1450 iussit
644 1387 703 1450 sub
718 1389 804 1450 sorte
820 1387 937 1450 mariti.

198 1470 352 1554 Conferet
366 1470 473 1533 Atridi
488 1471 633 1554 quisquis
647 1493 699 1534 me
714 1470 806 1535 duxit
820 1474 945 1538 amator

198 1553 245 1620 Ut
259 1555 370 1619 uiuum
384 1554 545 1637 linquam,
561 1576 629 1619 non
643 1555 708 1620 iam
722 1556 880 1620 moriente
894 1555 1011 1620 marito
1018 1607 1028 1639 ,

197 1640 278 1705 Post
291 1639 451 1703 thalamos
465 1639 562 1722 primi
577 1639 629 1702 cui
644 1639 762 1704 debent
776 1639 844 1703 fata
858 1639 1055 1706 secundum?

135 1736 186 1784 540
196 1723 290 1788 Dixit
304 1727 337 1787 et
351 1719 471 1808 egressi
485 1745 610 1806 puppes
625 1728 658 1788 et
671 1723 768 1788 litora
782 1727 929 1807 poscunt.

197 1807 284 1872 Dum
298 1811 410 1890 portus
426 1808 621 1890 classemque
635 1811 761 1891 petunt,
774 1808 915 1891 respexit
929 1808 969 1872 ad
984 1809 1096 1875 urbem

198 1892 314 1956 Pastor
329 1895 361 1956 et
375 1891 541 1977 ingentem
556 1892 639 1956 uidit
653 1913 846 1978 consurgere
860 1895 979 1958 nubem

197 1976 344 2041 Pulueris
360 1976 492 2058 extorti,
506 1977 610 2041 mouit
625 1999 721 2061 quam
735 1979 830 2042 turba
846 1982 1045 2062 sequentum.
1102 1993 1134 2042 [r-
1147 1991 1183 2043 60]

198 2061 289 2135 Tunc
296 2060 387 2125 Paris
400 2060 584 2144 adloquitur
591 2063 796 2126 comitantem
807 2064 927 2144 praedo
934 2063 1096 2145 rapinam:

134 2157 183 2206 545
198 2143 396 2209 ‘Occidimus
410 2145 524 2228 regina
537 2167 645 2228 pares,
661 2167 721 2210 nos
737 2145 834 2209 Graia
848 2146 1000 2209 iuuentus

198 2228 396 2313 Insequitur,
414 2228 523 2313 gladio
539 2229 676 2313 uestigia
690 2232 801 2293 nostra
816 2229 943 2312 sequaci

198 2312 371 2396 Captatum
384 2313 533 2396 peruenit
547 2313 608 2376 Iter
623 2314 806 2397 quicunque
822 2313 948 2377 satelles

199 2396 354 2482 Coniugis
369 2397 491 2461 Atridis
507 2398 661 2462 subnixus
677 2403 709 2463 et
723 2397 850 2481 hospite
866 2401 981 2462 turma.

161 2476 166 2494 '
200 2480 233 2546 N
234 2504 269 2546 os
285 2486 481 2546 armatorum
495 2482 624 2565 rapient
638 2483 678 2546 ad
692 2482 777 2546 bella
792 2482 940 2546 cohortes

134 2578 184 2627 550
195 2564 241 2629 Et
255 2587 379 2630 mecum
393 2565 530 2630 fortasse
546 2568 638 2630 cades
653 2567 681 2630 si
697 2567 763 2630 tela
777 2569 974 2650 sequentur?

198 2649 576 2734 TrmcSpartanarefert:
592 2651 740 2734 iuuenis,
753 2650 831 2734 quid
837 2651 1096 2716 nostraretardes

197 2733 333 2799 Pectora
349 2734 541 2817 colloquiis?
563 2734 746 2822 Phrygibus
761 2741 871 2800 tamen
886 2757 974 2800 arma
990 2757 1097 2820 capes·

196 2901 265 2966 Rex
281 2902 395 2967 dilecte
409 2903 500 2986 iube,
517 2922 644 2987 gressus
659 2904 797 2968 celerare
812 2824 976 2968 mqqqscms

201 3040 251 3090 524
269 3039 413 3104 annubio
430 3042 434 3102 Ι
449 3041 564 3090 maritus
582 3042 598 3090 1
603 3041 637 3092 M
701 3043 750 3092 525
767 3043 839 3092 malie
858 3041 923 3106 quid
940 3042 995 3090 iarn
1046 3042 1096 3091 526

132 3107 246 3158 oberrat
263 3123 331 3158 corr.
349 3125 385 3158 ea
402 3109 513 3158 oberret
580 3111 630 3160 529
653 3111 724 3160 malis
744 3111 791 3160 uix
859 3111 909 3161 534
931 3107 977 3158 Sic
994 3111 1021 3156 in
1038 3124 1096 3159 cor·

130 3181 244 3225 recturo.
279 3182 365 3240 potest
386 3177 467 3238 faisse
490 3177 528 3226 sis
551 3179 620 3242 quod
640 3180 807 3228 restituerunt
826 3177 841 3225 I
848 3178 878 3226 M
893 3173 897 3242 Ι
913 3178 953 3226 tui
977 3181 1025 3223 tua
1043 3175 1098 3225 IM

131 3242 181 3292 537
201 3242 317 3306 quisque
335 3259 404 3293 corr.
426 3243 441 3293 I
447 3244 476 3292 M
540 3247 589 3295 543
607 3249 700 3295 mouet
760 3246 811 3295 544
828 3245 916 3308 patris
935 3257 1005 3296 corr.
1022 3239 1092 3306 ΙΜΙ

132 3310 283 3360 comitante
307 3326 375 3361 corr.
394 3311 450 3361 IM
516 3311 566 3362 545
588 3327 676 3376 regna
698 3328 767 3364 corr.
785 3312 804 3361 I
809 3311 839 3360 M
907 3311 1017 3360 547151
1053 3325 1095 3360 ro·

130 3376 536 3444 poruirBueeh.1qniecunque
592 3380 642 3430 548
659 3380 750 3428 Aridis
768 3393 837 3429 corr.
855 3377 872 3426 l
879 3378 908 3426 M
964 3379 1014 3429 549
1061 3389 1096 3428 ox

131 3445 136 3504 Ι
157 3445 269 3509 rapiens
292 3462 356 3510 quae
379 3445 476 3499 Bacch.
500 3448 597 3496 indicat
618 3461 695 3510 posse
721 3448 806 3496 teneri
825 3445 960 3496 scribendo
984 3445 1095 3496 Atrides

131 3512 182 3562 550
201 3511 270 3562 cado
288 3528 357 3563 corr.
377 3513 392 3561 1
399 3513 431 3561 M
498 3514 546 3564 551
565 3512 689 3563 retardes
