2576 3936
228 178 270 242 22
566 159 852 231 nrmunnsmtm

242 341 275 390 25
291 328 462 394 Sufficiant
474 329 535 394 tibi
549 333 628 393 uota
642 327 769 393 Uenus:
784 329 971 412 praecordia
986 330 1066 394 dura

294 413 402 478 Mollis
417 413 505 480 adire
521 414 613 497 soler,
629 413 812 477 nolentibus
827 414 874 478 ire
889 435 947 497 per
961 419 1050 478 artus

293 497 338 562 Et
352 502 476 564 mentes
491 499 612 562 intrare
626 519 739 562 senum
753 519 916 582 uenasque
931 499 1039 564 leuare

293 582 429 732 {guibus
444 588 478 648 et
491 582 613 668 gelidas
628 583 739 648 calidis
753 603 902 666 reparare
916 582 1055 666 squillas,

355 671 526 732 ueteranus
541 671 628 732 amet
642 667 749 740 senior
764 688 821 731 ceu
835 688 939 751 nuper
954 667 1092 732 adultus.

145 773 175 826 p.
188 771 221 823 rs]
245 764 278 811 30
292 750 325 816 N
327 774 370 816 on
385 773 445 836 ego
461 752 597 818 lssciuos
613 755 690 836 opto
705 750 786 815 mihi
801 773 940 816 crescere
956 773 1077 832 sensus,

295 835 357 901 Sed
372 858 487 920 precor
501 840 675 920 aspergant
693 839 840 900 nostrum
854 839 911 900 tua
926 836 1068 900 carmina
1082 842 1217 921 pectus

296 919 343 984 Ut
358 920 482 986 ualeam
498 924 626 985 cantare
642 925 714 984 tuos
728 942 786 1003 per
800 923 879 984 uota
892 920 1074 1004 triumphos

294 1004 339 1068 Et
353 1005 461 1068 mixtis
476 1004 592 1068 saltare
608 1003 723 1088 choris,
739 1008 867 1068 cantare
884 1005 1024 1069 choreae.

295 1088 430 1154 Publica
443 1090 613 1174 magnifice
627 1111 685 1173 per
699 1090 828 1155 moenia
842 1092 921 1153 uota
934 1093 1103 1172 gerantur:

247 1184 279 1232 35
296 1169 381 1247 Quas
397 1172 484 1237 dedit
499 1195 564 1240 una
579 1173 701 1257 domus,
717 1173 829 1238 domus
845 1173 964 1258 excipit
978 1196 1043 1238 una
1058 1196 1213 1260 sorores,

297 1255 440 1332 Quorum
456 1259 595 1323 umbone
610 1262 704 1343 tegor
718 1258 770 1322 uel
786 1280 922 1342 quorum
938 1280 1070 1322 munere
1085 1259 1183 1325 uiuo.

295 1341 375 1407 Post
389 1343 496 1408 uarios
512 1365 602 1407 casus
617 1348 690 1427 post
703 1346 754 1406 tot
768 1343 954 1406 discrimina
968 1343 1053 1406 uitae

296 1425 471 1490 Porrexere
485 1428 573 1510 piam
587 1427 713 1510 placido
729 1449 788 1510 pro
803 1427 946 1511 tegmine
962 1427 1105 1492 dextram
1173 1485 1178 1490 .

296 1510 340 1574 Et
355 1510 441 1594 quod
455 1512 558 1574 maius
574 1515 650 1594 erat,
666 1512 745 1575 laesi
759 1511 900 1575 tribuere
915 1511 1052 1576 salutem

249 1605 282 1654 40
297 1593 538 1680 Fortunamque
552 1595 632 1660 mihi
647 1596 797 1660 reducem
811 1597 929 1679 pietate
945 1599 1117 1660 nouarunt.

298 1677 449 1764 Quisquis
464 1683 553 1745 adest
568 1681 695 1765 sapiens
710 1679 919 1744 scholasticus
935 1684 1031 1764 atque
1045 1682 1174 1764 peritus

298 1765 449 1828 Accurrit
467 1764 598 1828 laudare
618 1765 731 1829 uolens
747 1769 874 1828 cantare
889 1769 1034 1848 paratus:

299 1845 384 1920 Quin
401 1868 461 1932 ego
476 1848 627 1912 festinem
641 1849 751 1912 laudes
767 1853 799 1913 et
814 1849 956 1913 carmina
970 1850 1054 1912 ferre

298 1931 363 1995 Pro
378 1931 501 1996 meritis
517 1933 695 2017 animisque
710 1933 839 1997 uirum?
866 1955 946 2017 puer
960 1934 1043 1998 alme
1059 1933 1206 2019 Cupido,

248 2025 280 2074 45
294 2015 311 2078 I
335 2036 397 2079 nea
433 2017 581 2102 rogenies
596 2021 629 2082 et
642 2039 749 2081 rerum
763 2039 877 2102 perpes
891 2019 992 2103 origo,

330 2121 370 2164 uc
385 2039 615 2171 adesarmatus
629 2101 736 2166 fluidis
752 2107 826 2186 post
839 2107 932 2187 terga
946 2103 1116 2185 pharetris

297 2185 399 2250 Inbue
414 2185 557 2269 pinnatis
572 2209 686 2271 precor
701 2187 810 2251 oscula
825 2186 944 2251 blanda
958 2186 1093 2270 sagittis,

297 2267 459 2334 Morsibus
474 2272 606 2336 alternis
621 2275 658 2335 ut
672 2272 816 2336 lambens
832 2271 942 2356 lingua
957 2271 1101 2354 palatum

300 2353 420 2438 Tergat
436 2360 467 2420 et
481 2356 621 2420 udentur
636 2357 798 2438 suspensis
814 2355 962 2420 dentibus
978 2377 1043 2420 ora.

248 2450 281 2499 50
296 2437 422 2521 Sponsa
437 2441 598 2505 maritales
613 2443 787 2524 cognoscat
800 2443 873 2503 utra
888 2461 1024 2523 uapores

296 2523 341 2588 Et
357 2545 476 2606 sponso
492 2527 537 2588 sic
552 2525 668 2608 iungat
682 2546 772 2588 amor
787 2526 878 2608 quasi
894 2545 1027 2607 corpore
1042 2523 1078 2587 in
1093 2546 1160 2588 uno

297 2605 437 2672 Brachia
452 2609 607 2693 uirgineis
623 2607 793 2672 adnectens
809 2609 920 2673 stricta
933 2608 1069 2672 lacertis.

296 2689 364 2754 Has
380 2693 553 2757 matronali
567 2692 668 2756 societ
682 2692 720 2756 de
735 2715 823 2757 more
840 2697 986 2757 cateruae

300 2774 472 2841 Blanditus
487 2777 546 2841 sub
561 2777 672 2841 fraude
688 2777 780 2842 dolor
795 2777 853 2841 sub
868 2777 1002 2841 uulnere
1018 2780 1105 2842 casto

249 2871 282 2919 55
297 2858 531 2947 Seruatumque
547 2861 601 2926 diu
615 2863 720 2945 rapiat
734 2861 793 2926 hac
808 2863 902 2926 nocte
917 2861 1072 2944 pudorem

297 2943 342 3008 Et
354 2967 478 3030 poenae
495 2947 537 3012 sit
552 2969 673 3011 merces
688 2968 786 3030 amor,
802 2947 856 3029 pia
870 2946 1018 3030 pignora,
1033 2944 1113 3009 nati.

315 3205 348 3252 42
368 3211 430 3266 post
451 3203 548 3254 uolens
570 3206 690 3267 scriptum
713 3209 752 3252 ecl
779 3204 807 3250 et
830 3200 951 3250 carmina
978 3201 1051 3251 ferre
1076 3202 1125 3250 sed
1151 3216 1200 3252 eor·
1283 3205 1285 3232 ⁵

235 3275 353 3331 parietum
421 3274 454 3322 43
477 3273 504 3321 ia
525 3272 597 3320 initio
619 3283 708 3319 uersus
729 3271 851 3334 scriptum
873 3275 912 3318 ert
933 3269 987 3319 Pro
1009 3268 1116 3318 meritis
1140 3270 1200 3318 ani-

236 3335 341 3401 misque
358 3336 446 3387 uirum
462 3335 466 3402 Ι
491 3342 593 3402 quanto
613 3352 664 3401 ego
684 3337 786 3388 festine
809 3350 876 3385 corr.
895 3334 991 3389 Baeclr.
1059 3338 1092 3386 47
1111 3334 1200 3386 Indue

236 3402 412 3455 caraman.
482 3407 515 3455 50
531 3399 605 3468 utra]
625 3406 706 3453 tulere
728 3406 829 3454 uidetur
852 3418 921 3468 pura
945 3419 978 3453 on
998 3404 1096 3468 uirgo?
1166 3405 1198 3454 51
1283 3405 1284 3408 ’

236 3470 335 3534 ningat
397 3471 429 3521 65
448 3471 559 3536 rapiant
578 3485 611 3520 ac
629 3486 697 3520 corr.
713 3471 809 3525 Bacch.
