2610 3946
561 228 586 278 x
604 229 740 280 crs-rso
1092 230 1133 294 75

234 377 370 442 Dixerat
385 379 418 439 et
430 379 517 439 terra
531 379 595 440 stre
619 376 700 440 itum
714 377 919 442 tremibunda
934 379 1052 462 ciebat,

233 461 305 536 Quo
321 463 453 524 steterat
467 457 581 524 Medea
594 398 666 524 ibeo
681 461 805 526 telluris
819 461 911 526 hiatu

233 545 392 610 Finditur.
422 545 577 609 attonitas
592 544 729 610 inclinat
743 546 866 611 cautior
881 567 973 610 aures

232 629 277 694 Et
291 649 427 714 surgens
443 627 623 693 ‘audimur'
640 630 687 693 ait
701 635 794 694 ‘nam
811 634 897 695 terra
911 633 1088 714 tremescit,

168 726 219 776 465
232 713 376 778 Uerbera
393 712 604 798 plaudentum
617 718 771 779 resonant
784 735 843 798 per
856 715 953 780 inane
968 737 1115 782 sororum
1121 767 1131 802 ,

232 797 334 863 Sibila
349 798 487 882 uipereis
502 798 632 862 uibrant
647 799 706 862 sub
721 797 869 863 dentibus
884 820 1014 884 angues.

231 882 296 947 Res
311 883 426 947 melior
439 885 630 966 tempusque
644 887 755 948 monet
769 883 917 970 redeatur
932 885 973 948 ad
987 885 1116 969 urbem,

232 970 319 1032 Ante
334 971 443 1031 tamen
457 967 558 1030 fluuio
574 988 689 1050 corpus
703 974 869 1052 mergatur
883 971 916 1032 et
929 968 1051 1032 undis)

233 1051 326 1126 Quod
340 1073 435 1138 maga
450 1051 631 1142 digrediens
646 1074 721 1117 mox
733 1053 859 1136 perficit
870 1055 903 1117 et
915 1053 998 1136 petit
1006 1054 1130 1119 urbem.

167 1149 219 1198 470
229 1135 333 1200 Exilit
345 1137 470 1200 interea
484 1139 627 1200 tecturus
642 1136 772 1201 Lucifer
786 1141 872 1201 astra

232 1220 375 1284 Puniceo
391 1225 565 1305 prouectus
579 1242 662 1302 equo
677 1221 856 1304 rutilusque
871 1222 1057 1306 miransque

235 1304 399 1370 Concusso
414 1305 452 1370 dc
467 1305 555 1368 crine
571 1305 663 1368 iubar
678 1304 828 1368 diffundit
842 1306 877 1368 in
893 1306 1004 1370 orbem

232 1389 441 1473 Flammigeri
455 1410 564 1453 roseas
578 1387 771 1471 praecedens
787 1388 864 1452 solis
879 1389 1014 1454 abenas:

235 1471 393 1556 Coeperat
407 1472 482 1536 aula
497 1472 585 1536 ducis
599 1474 736 1556 strepitu
750 1495 901 1538 resonare
916 1473 1078 1538 clientum.
1137 1486 1143 1490 ’

169 1557 302 1622 4751am
317 1557 468 1621 Phoebus
484 1557 657 1621 scandebat
671 1578 770 1640 equos
785 1562 818 1622 et
832 1558 902 1622 luce
917 1558 1054 1622 rubebat

232 1642 313 1707 Post
326 1645 454 1707 noctem
469 1645 607 1705 uentura
621 1641 702 1725 dice,
718 1642 782 1705 iarn
797 1645 881 1706 tecta
897 1641 1045 1707 Creontis

232 1726 281 1792 Re
307 1726 376 1790 'bus
391 1724 582 1810 implentur,
598 1725 662 1789 iam
676 1727 824 1808 proxima
837 1725 931 1810 uirgo
946 1726 1062 1791 marito

232 1747 350 1876 Sedelra
379 1814 412 1875 et
425 1808 551 1874 tabulas
566 1810 687 1874 calamo
703 1810 848 1874 sulcabat
860 1810 968 1875 Iason.

233 1894 457 1960 ‘Conuentum
472 1899 681 1978 pactumque'
696 1898 791 1958 sonat
806 1895 949 1982 ‘signate
963 1894 1115 1960 tabellas’

167 1993 218 2043 480
229 1978 370 2044 Horrida
384 1978 537 2043 Tartareo
553 1979 686 2058 ueniens
702 1978 740 2044 de
755 1981 883 2066 gurgite
898 1981 991 2065 uirgo

232 2065 409 2148 Tisiphone
425 2064 618 2147 signumque
632 2065 751 2148 premit
765 2067 877 2150 gauisa
890 2064 1055 2148 Megaera,

232 2149 361 2213 Allecto
376 2149 467 2212 testis
482 2169 570 2212 ceras
585 2149 752 2212 adamante
767 2148 910 2231 notauit,
1144 2171 1176 2220 [p.
1189 2169 1224 2220 sc]

233 2233 405 2318 Anguibus
420 2231 590 2296 horrendis
605 2253 663 2315 per
676 2233 766 2316 regia
780 2235 865 2297 tecta
879 2231 1055 2316 flagellant.

231 2317 360 2382 Interea
376 2317 491 2381 Medea
504 2337 624 2380 nouam
639 2316 778 2380 formare
794 2335 947 2380 coronam

147 2425 152 2433 ’
169 2415 220 2464 485
234 2402 392 2487 Coeperat
407 2407 439 2466 et
452 2401 557 2465 niueis
572 2400 727 2464 miscebat
745 2399 900 2484 sulphura
915 2401 1011 2464 ceris:

232 2487 294 2552 Pix
309 2491 341 2550 et
356 2490 473 2569 stuppa
487 2486 582 2569 ligat,
599 2485 721 2568 species
736 2485 791 2549 dat
805 2487 958 2632 puattuor
973 2486 1050 2550 arus

231 2571 378 2636 Mascula
391 2573 465 2634 tura
479 2591 638 2652 cremans,
654 2569 755 2633 sterili
771 2592 807 2634 su
823 2570 880 2634 fire
896 2591 1045 2654 cypresso

233 2655 319 2720 Cura
333 2655 397 2719 fuit
411 2675 573 2738 cyproque
586 2654 669 2738 ligat
684 2654 770 2739 quod
784 2655 943 2742 naufraga
957 2655 1074 2740 puppis

231 2739 432 2822 Perdiderat,
448 2739 579 2802 cristata
592 2760 707 2804 manus
723 2741 846 2806 sancire
860 2740 1003 2825 iubetur,

169 2837 221 2886 490
232 2824 388 2910 Lambere
403 2823 556 2888 caeruleis
570 2824 717 2907 permisit
731 2828 816 2888 serta
830 2825 969 2889 cerastis.

235 3048 285 3098 461
313 3047 433 3114 spatium
455 3062 524 3098 corr.
546 3043 643 3096 Bacch.
729 3047 778 3096 462
801 3045 895 3096 hiatus
917 3049 951 3108 cs.
976 3045 1059 3098 Orest.
1078 3049 1131 3098 473

166 3116 217 3167 465
235 3115 319 3165 niune
382 3115 432 3164 466
451 3113 547 3177 Sibyla
607 3115 656 3163 471
675 3121 822 3178 preuectus
841 3113 1019 3168 corr.Buect.
1080 3115 1131 3164 472

166 3185 196 3233 ni
264 3181 315 3234 475
336 3182 433 3232 ruebat
450 3197 518 3234 corr.
537 3181 633 3234 Buect.
706 3184 756 3232 479
775 3181 944 3231 Conuectum
962 3177 1130 3246 pleasant!

167 3252 259 3315 signat
281 3266 349 3302 corr.
369 3249 465 3300 Buect.
485 3257 546 3314 port
571 3251 666 3314 stgnat
683 3265 749 3300 cruoe
771 3250 876 3312 appium
898 3254 937 3297 est
960 3264 1026 3312 quae
1044 3250 1132 3300 eadem

166 3326 226 3368 ante
244 3333 344 3369 uersum
357 3318 513 3382 conspicitur
563 3319 613 3368 481
632 3317 787 3381 Tesiphone
839 3315 890 3364 488
908 3313 1030 3367 Allectus
1081 3318 1133 3368 484

166 3392 227 3436 ante
250 3401 378 3436 coronam
401 3387 492 3436 literae
513 3385 703 3450 conspiciuntur
725 3399 760 3434 no
784 3385 832 3434 ced
857 3389 1001 3448 expunctae
1082 3385 1132 3435 487

167 3451 264 3503 Buect.
275 3456 355 3506 uoluit
373 3457 477 3503 cremat
536 3453 586 3504 488
602 3454 665 3516 fore.
680 3449 807 3517 curauit!
823 3458 883 3502 ante
900 3453 998 3518 puppis
1016 3454 1133 3516 {spuatur

166 3534 253 3586 cypus
270 3524 318 3572 sed
334 3527 469 3586 expuncta,
