2576 3936
202 150 244 214 52
544 147 821 200 numeramur

267 297 465 363 Ornamenta
479 297 556 380 poli.
585 297 693 361 rident
706 319 763 360 sua
776 297 919 364 membra
933 298 1080 363 uidentes

115 407 146 455 [p.
160 408 194 454 oo]
266 381 402 447 Funeris
418 381 533 445 abiecti
548 381 679 466 fragiles
694 385 727 445 et
741 383 884 464 corporis
899 404 986 466 usuc,

217 479 250 529 ao
270 465 317 531 Ut
331 466 462 530 doleant
476 465 601 530 animae
616 466 680 552 iam
694 465 842 530 libertate
855 470 984 550 recepta

268 549 464 635 Corporibus
480 549 598 614 uixisse
613 550 677 614 auis
693 553 725 614 ct
739 550 847 614 clausa
860 551 972 615 tulisse

268 633 411 700 Carceris
426 633 564 718 angusti.
590 634 730 699 tumulos
745 638 802 698 aut
816 635 941 700 ossibus
955 656 1053 700 urnas

267 719 454 804 Dedignant
470 718 605 802 animae,
620 740 687 782 non
700 721 817 786 curant
831 719 895 784 uile
910 720 1103 802 sepulcrum,

266 803 311 867 Et
325 804 487 887 plangunt
499 824 569 867 non
583 824 651 867 esse
666 803 762 868 simul
777 823 857 886 quos
872 825 955 868 urna
969 802 1119 886 polorum

219 901 252 950 30
272 886 401 951 Claudit
412 889 444 950 ct
458 885 636 950 aetherium
650 886 800 951 Phoebus
815 886 982 970 suspendit
995 887 1035 950 ad
1050 907 1151 950 axem.

267 970 476 1034 Aduenturus
492 970 564 1052 eris,
579 970 682 1052 pietas
698 971 726 1034 si
740 975 851 1035 sancta
865 971 1009 1036 manebit

269 1054 411 1136 Corpore
426 1053 598 1138 belliger0‚
615 1054 643 1117 si
656 1075 723 1118 uon
738 1054 874 1118 crudelis
889 1055 924 1119 in
938 1055 1031 1120 hoste

267 1138 348 1201 Post
363 1137 464 1200 uitam
479 1137 647 1201 morientis
663 1138 734 1221 eric,
750 1139 777 1201 si
792 1138 879 1203 mitis
896 1139 1038 1203 Achilles

267 1220 300 1286 N
302 1243 337 1286 ec
352 1224 427 1304 post
441 1221 527 1285 bella
540 1243 650 1286 manes
664 1243 724 1286 nec
735 1226 882 1305 spectant
896 1222 1010 1287 funera
1023 1244 1145 1306 poenas

219 1317 251 1366 35
270 1305 416 1370 Arbitrio
434 1305 578 1371 subiecta
592 1309 659 1388 tuo,
674 1306 702 1370 si
716 1307 847 1389 parcitis
862 1307 983 1371 umbris

269 1387 441 1464 Quaesitor
456 1411 534 1473 quas
549 1393 679 1472 torquet
691 1412 771 1454 auus
786 1390 813 1454 si
828 1412 905 1454 uera
918 1391 1075 1454 feruntur.

205 1663 250 1724 At
266 1661 406 1742 inquies:
432 1660 461 1724 si
484 1661 559 1744 post
581 1661 683 1726 uitam
700 1660 823 1732 animae
844 1677 977 1744 corpora
992 1677 1052 1729 sua
1067 1659 1169 1744 despi-

403 1748 503 1823 ciunt,
519 1766 577 1831 pro
591 1748 725 1816 Hectore
739 1767 796 1814 cur
813 1749 983 1832 rogamus?
1072 1817 1074 1822 ,
1121 1751 1123 1754 ’

125 1878 197 1972 liquis
272 1898 304 1962 N
306 1921 350 1962 on
364 1897 485 1963 Hector
501 1871 555 1964 sed
570 1899 668 1964 Troia
681 1909 776 1986 rogat
789 1901 960 1986 miserique
975 1905 1135 1986 parentes,

272 1982 499 2048 Andromache
514 1983 646 2050 uiduata
660 1985 761 2070 gemit
775 1986 828 2050 uel
844 1990 880 2050 ut
894 1987 990 2051 ubere
1005 2007 1143 2069 paruum

277 2070 476 2152 Astyanacta
490 2071 580 2133 tenet
594 2069 639 2133 sic
654 2069 777 2134 caelum
793 2070 958 2153 questibus
973 2070 1096 2153 implet,

224 2165 256 2213 40
274 2151 377 2237 Uirgo
393 2151 557 2238 Polyxene
571 2153 711 2218 lacrimis
727 2159 841 2218 ornata
854 2152 977 2219 decoris
1077 2219 1082 2234 ,

272 2237 317 2302 Fit
353 2237 463 2302 lanctu
478 2237 599 2302 laniata
613 2258 712 2322 genas
728 2242 862 2304 contusa
876 2238 1012 2303 lacertos

272 2259 443 2405 Aulongis
459 2321 601 2405 dispersa
616 2323 715 2388 comis
731 2325 864 2388 onerata
877 2323 999 2406 pudore

272 2405 414 2490 ingemit
429 2409 462 2469 et
476 2409 604 2471 tantum
618 2411 701 2470 nutu
716 2407 785 2472 sine
801 2428 881 2471 uoce
895 2410 1044 2490 precatur

273 2489 408 2554 Funeris
422 2487 575 2554 Hectorei
588 2511 724 2573 poscens
740 2511 900 2576 exsangue
916 2490 1066 2555 cadauer:

117 2585 147 2632 m
173 2584 206 2630 u]
226 2583 259 2633 45
277 2570 378 2646 Quem
394 2573 512 2638 retines
527 2575 627 2637 iratus
642 2573 755 2638 adhuc.
782 2594 939 2658 cognosce
953 2573 1110 2657 puellam:

270 2653 460 2740 Plangentis
475 2677 647 2742 germanus
662 2661 731 2722 erat
761 2658 813 2722 cui
828 2659 897 2723 uita
912 2658 1041 2722 daretur

270 2739 358 2804 Ante
373 2739 474 2804 aciem
489 2740 517 2804 si
533 2741 603 2806 uisa
616 2741 715 2825 foret,
731 2707 909 2826 lroiaeque
924 2741 1052 2826 periclis

271 2821 405 2888 Femina
420 2824 505 2889 bella
521 2823 608 2890 dedit
622 2824 677 2889 sed
692 2825 815 2892 femina
829 2825 915 2891 bella
929 2828 1073 2912 negaret.

277 3092 310 3140 23
335 3089 507 3139 Ornamenta
531 3104 601 3140 corr.
620 3105 655 3138 ea
677 3092 836 3140 ornamento
857 3095 885 3138 ut
906 3089 1008 3138 uidetur
1077 3089 1110 3137 24
1129 3086 1177 3137 ad-

210 3157 277 3207 iecti
299 3173 369 3207 corr.
387 3154 485 3206 Bueclc.
554 3158 587 3206 26
606 3155 699 3206 clausa
767 3158 799 3206 27
818 3161 875 3206 tum
891 3155 1009 3206 tumulos
1079 3157 1112 3204 28
1138 3169 1178 3204 se-

209 3223 353 3287 pulchrum
440 3226 473 3274 33
496 3223 638 3272 morientis
666 3230 757 3286 aperte
780 3229 926 3287 corruptum
947 3230 994 3274 eat.
1067 3223 1101 3273 34
1123 3237 1179 3272 ma·

210 3285 274 3356 nes]
294 3298 322 3342 ut
342 3307 408 3341 nunc
431 3291 494 3340 haec
516 3294 644 3356 lepontur,
667 3289 790 3340 Achilles
812 3292 953 3341 nominatus
974 3307 1024 3354 pro
1044 3290 1104 3352 sero
1121 3304 1179 3340 sae·

210 3373 274 3408 uoue
297 3359 399 3414 uidetur
468 3359 501 3409 38
524 3356 608 3408 uelud
630 3356 715 3407 ubera
784 3361 816 3409 39
841 3357 1003 3406 Aelianacta
1071 3359 1105 3406 40
1129 3357 1179 3406 Po·

210 3422 302 3474 lixene
321 3423 454 3490 lacrymis
511 3426 546 3474 44
568 3438 693 3488 exangue
756 3423 1027 3488 recuperaturos
