2610 3946
189 177 232 241 53
535 179 812 232 111111111101

192 341 241 389 195
255 327 420 393 Mentibus
435 311 590 393 adsciscat
603 330 780 394 uenerandi
793 333 872 394 uota
908 333 1038 397 arentis.

252 411 286 476 N
286 435 338 476 am
353 413 482 498 genitor
495 413 611 477 Peleus
625 413 745 477 laetum
758 419 834 496 post
847 353 933 479 11111
947 415 1057 480 uidere

253 497 298 560 Te
313 499 413 580 cupit,
428 503 461 560 et
475 498 583 562 senior
597 497 796 583 Lycomedes
810 499 958 584 coniugis
973 505 1087 566 auctor

252 581 396 664 Exoptat
409 581 518 646 reduci
532 581 675 666 gaudens
690 582 804 646 offerre
821 587 984 666 nepotem.

252 665 441 730 Planotibus
456 666 698 730 Andromaches
719 687 778 730 ceu
791 689 943 748 praesens
963 667 1084 732 blanda
1097 691 1164 752 pu·

899 755 987 815 tetur

190 847 241 895 200
254 833 426 897 Deidamia
440 834 536 897 simul
550 855 632 916 qnae
647 833 762 898 sollers
775 838 871 898 nocte
886 835 1001 918 dieque

254 917 366 981 Mente
381 918 482 982 oculis
497 921 621 981 attenta
636 918 736 1000 uolat,
749 939 827 981 nam
841 918 991 982 fluctibus
1006 920 1086 984 atris

253 1001 395 1066 Carbasa
408 1001 514 1084 prima
527 1001 641 1066 uidens
656 1003 764 1065 nautis
780 1003 920 1066 occurrit
933 1004 969 1067 in
983 1005 1078 1068 undis

251 1086 446 1168 Perquirens
460 1086 488 1148 si
503 1085 601 1149 Troia
614 1085 688 1166 ruit,
703 1086 731 1149 si
746 1086 887 1151 concidit
898 1086 1022 1152 Hector

98 1183 131 1233 [a
155 1184 190 1234 14]
262 1169 409 1236 Sollicita
422 1190 518 1252 quem
531 1174 638 1235 mente
651 1171 753 1252 timet,
767 1174 800 1234 te
814 1171 937 1254 plectra
949 1176 1116 1237 tenentem

189 1271 240 1320 205
254 1258 363 1339 Atque
378 1255 497 1318 iterum
511 1255 645 1319 blandas
659 1255 795 1318 iuuenili
809 1255 926 1337 pollice
942 1255 1077 1320 chordas

253 1341 456 1424 Tangentem
470 1339 599 1404 laudare
614 1339 704 1422 cupit
718 1339 771 1402 uel
787 1338 919 1403 brachia
932 1341 1017 1404 collo

253 1424 391 1488 Nectere
406 1423 569 1487 mellifluis
583 1423 762 1506 adiungens
777 1422 886 1487 oscula
900 1423 1009 1488 labris.

253 1507 388 1572 Hecuba
402 1511 524 1571 maesta
538 1528 669 1592 gemens
684 1511 717 1571 11
731 1528 828 1571 canos
842 1507 976 1590 puluere
991 1508 1128 1574 foedans

254 1592 370 1658 Omine
384 1613 453 1656 non
467 1592 526 1656 tali
540 1595 676 1656 matrem
689 1594 874 1674 praesentet
887 1592 929 1655 ab
942 1592 1037 1656 undis

189 1690 240 1739 210
254 1677 358 1742 Corde
372 1681 429 1740 tuo
444 1677 562 1760 pietas:
584 1676 661 1740 licet
673 1675 753 1739 haec
768 1675 918 1739 mortalia
931 1675 1002 1740 fata

251 1761 291 1824 In
307 1781 341 1824 se
355 1759 446 1823 nulla
459 1761 568 1842 timet,
584 1764 693 1823 tamen
707 1759 785 1822 heec
800 1763 842 1842 te,
858 1758 953 1823 fortis
968 1760 1123 1844 Achillae,

253 1843 426 1908 Mortalem
440 1843 589 1926 genuisse
604 1843 699 1906 dolet.
729 1843 824 1926 haec,
841 1865 979 1926 summe,
994 1848 1133 1910 ret1aeta

251 1927 296 1991 Et
310 1926 438 1990 ueniam
453 1926 572 2010 largire
585 1927 667 2008 pius.
698 1927 727 1990 si
741 1949 843 2009 parua
855 1932 1021 2010 putantur,

252 2011 318 2076 Fac
331 2011 481 2094 pretium,
498 2011 612 2094 uictor,
627 2031 819 2095 generosum
834 2012 937 2076 uende
951 2011 1097 2078 cadauer.

190 2108 240 2158 115
255 2095 423 2161 1111111111
438 2117 496 2160 ceu
510 2095 605 2159 uiuus
621 2095 725 2158 adhuc
739 2116 799 2160 uec
814 2117 947 2167 munere
961 2118 1074 2179 paruo,

254 2180 317 2246 Sed
331 2185 450 2246 ueneat
463 2184 554 2245 tanto
570 2183 692 2263 quanto
706 2180 896 2262 pensabitur
910 2178 1041 2245 Hector.

254 2264 326 2330 Hoc
340 2266 447 2348 placet
460 2269 498 2329 ut
511 2264 605 2329 fortis
619 2263 776 2328 habeatur
790 2264 896 2328 iudice
909 2264 995 2328 bello

253 2349 343 2414 Mors
357 2349 499 2432 pretiosa
513 2349 585 2412 uiri
615 2357 748 2412 cunctos
762 2347 903 2412 hortaris
918 2348 953 2412 in
968 2348 1106 2432 hostem,

254 2431 371 2497 Sinon
386 2433 461 2497 uilis
476 2433 538 2497 erit
551 2433 685 2496 ueniens
701 2453 832 2507 occasus
847 2433 883 2496 in
898 2433 995 2497 armis

189 2528 241 2577 220
256 2516 319 2592 Qui
333 2538 368 2580 se
382 2516 560 2600 despiciens
576 2517 662 2580 ciues
677 2515 790 2580 dilexit
804 2520 837 2580 et
850 2517 971 2583 urbem.

251 2599 453 2664 Dardanides
468 2599 629 2684 dependat
643 2620 729 2683 opes,
745 2601 800 2663 det
814 2621 932 2684 magna
944 2601 1083 2664 talenta:

250 2686 419 2767 Astyanax
434 2687 536 2768 egeat,
551 2684 699 2747 Priamus
713 2683 874 2749 mendicet
889 2690 922 2750 et
936 2706 1047 2749 omnes

251 2767 370 2832 Infelix
385 2789 467 2851 quos
481 2767 579 2832 Troia
593 2768 688 2851 capit.
713 2767 793 2833 haec
807 2790 913 2851 poena
927 2769 1071 2834 manebit

236 2921 414 2998 ,1961111111
484 2925 532 2975 198
554 2924 639 2974 offere
710 2924 758 2974 199
782 2939 832 2972 ceu
855 2938 969 2988 presens
991 2922 1079 2974 bland
1097 2938 1155 2972 ma·

186 2990 241 3040 ritu
261 2990 351 3040 sedin
369 2993 481 3052 margine
494 2993 641 3042 adnotatum
652 2993 724 3040 uides
743 2996 857 3054 putatur
875 3006 943 3043 corr.
955 2991 1052 3045 Bacch,
1105 2992 1153 3042 201

186 3057 274 3107 uiclat
296 3056 393 3106 Bacch.
416 3060 550 3122 proposuit
577 3057 582 3121 Ι
606 3058 755 3121 sorbellis
840 3060 890 3108 202
913 3057 1012 3108 animis
1033 3057 1155 3107 occurrit

186 3125 279 3176 nautis
298 3127 429 3190 temptauit
447 3123 543 3176 Bacch.
613 3125 663 3176 205
686 3125 784 3175 cordas
853 3126 905 3175 200
923 3130 1038 3176 etcum
1055 3123 1152 3176 Bacch.

220 3194 270 3242 201
289 3191 425 3256 adiunges
493 3193 544 3242 208
561 3191 657 3242 Esuba
672 3191 677 3255 Ι
692 3191 787 3256 pluere
857 3194 906 3242 211
925 3192 1024 3242 timent
1035 3207 1106 3242 corr.
1119 3206 1154 3242 esc

186 3259 286 3308 timens
354 3263 404 3310 212
424 3259 476 3310 hoc
493 3275 564 3310 corr.
577 3258 674 3308 Bacch.
744 3261 794 3308 214
811 3263 919 3324 pretunr
988 3259 1154 3309 2161111111

184 3341 236 3376 non
262 3327 336 3377 uideo
361 3344 409 3392 quo
436 3325 489 3378 1110
516 3329 589 3379 modo
615 3327 732 3390 corrigas
757 3333 763 3392 Ι
789 3331 897 3376 tantum
924 3331 1058 3390 quantum
1084 3341 1152 3376 eom

198 3392 283 3442 lueet.
350 3395 490 3443 21811111
557 3397 1036 3444 21901111111011.111011111111
1103 3395 1152 3442 222

226 3459 322 3508 tianax
390 3463 441 3510 229
460 3459 599 3525 infoelix!
618 3466 730 3512 111111.
749 3459 846 3514 Bacch,
