<?xml version="1.0" encoding="UTF-8"?>
<!DOCTYPE html PUBLIC "-//W3C//DTD XHTML 1.0 Transitional//EN"
    "http://www.w3.org/TR/xhtml1/DTD/xhtml1-transitional.dtd">
<html xmlns="http://www.w3.org/1999/xhtml" xml:lang="en" lang="en">
 <head>
  <title>
</title>
<meta http-equiv="Content-Type" content="text/html;charset=utf-8" />
  <meta name='ocr-system' content='tesseract 3.04.00' />
  <meta name='ocr-capabilities' content='ocr_page ocr_carea ocr_par ocr_line ocrx_word'/>
</head>
<body>
  <div class='ocr_page' id='page_1' title='image "./dracontiicarmin00dracgoog/dracontiicarmin00dracgoog_0050.png"; bbox 0 0 2576 3936; ppageno 0'>
   <div class='ocr_carea' id='block_1_1' title="bbox 523 252 1116 316">
    <p class='ocr_par' dir='ltr' id='par_1_1' title="bbox 523 252 1116 316">
     <span class='ocr_line' id='line_1_1' title="bbox 523 252 1116 316; baseline -0.005 -10"><span class='ocrx_word' id='word_1_1' title='bbox 523 256 591 306; x_wconf 85' lang='lat' dir='ltr'>vm</span> <span class='ocrx_word' id='word_1_2' title='bbox 610 257 743 306; x_wconf 74' lang='lat'>173-234</span> <span class='ocrx_word' id='word_1_3' title='bbox 1076 252 1116 316; x_wconf 78' lang='lat'>37</span> 
     </span>
    </p>
   </div>
   <div class='ocr_carea' id='block_1_2' title="bbox 153 403 1203 3192">
    <p class='ocr_par' dir='ltr' id='par_1_2' title="bbox 219 403 1118 552">
     <span class='ocr_line' id='line_1_2' title="bbox 219 403 1118 501; baseline -0.007 -29"><span class='ocrx_word' id='word_1_4' title='bbox 219 408 321 484; x_wconf 86' lang='lat' dir='ltr'>Quem</span> <span class='ocrx_word' id='word_1_5' title='bbox 338 405 455 472; x_wconf 78' lang='lat' dir='ltr'>Clotho</span> <span class='ocrx_word' id='word_1_6' title='bbox 473 427 567 489; x_wconf 92' lang='lat' dir='ltr'>quem</span> <span class='ocrx_word' id='word_1_7' title='bbox 582 404 733 469; x_wconf 82' lang='lat' dir='ltr'>Lachesis</span> <span class='ocrx_word' id='word_1_8' title='bbox 754 425 849 487; x_wconf 90' lang='lat' dir='ltr'>quem</span> <span class='ocrx_word' id='word_1_9' title='bbox 864 403 1007 501; x_wconf 84' lang='lat' dir='ltr'>uindicat</span> <span class='ocrx_word' id='word_1_10' title='bbox 1022 405 1118 467; x_wconf 84' lang='lat' dir='ltr'>Atro·</span> 
     </span>
     <span class='ocr_line' id='line_1_3' title="bbox 886 505 1060 552; baseline -0.006 0"><span class='ocrx_word' id='word_1_11' title='bbox 886 510 921 552; x_wconf 90' lang='lat' dir='ltr'>os</span> <span class='ocrx_word' id='word_1_12' title='bbox 936 505 971 552; x_wconf 90' lang='lat' dir='ltr'>1n</span> <span class='ocrx_word' id='word_1_13' title='bbox 995 509 1060 552; x_wconf 89' lang='lat' dir='ltr'>ens.</span> 
     </span>
    </p>

    <p class='ocr_par' dir='ltr' id='par_1_3' title="bbox 219 509 995 662">
     <span class='ocr_line' id='line_1_4' title="bbox 219 509 995 662; baseline -0.006 -20"><span class='ocrx_word' id='word_1_14' title='bbox 219 575 362 642; x_wconf 81' lang='lat' dir='ltr'>Scindite</span> <span class='ocrx_word' id='word_1_15' title='bbox 379 575 506 662; x_wconf 85' lang='lat' dir='ltr'>pellitas</span> <span class='ocrx_word' id='word_1_16' title='bbox 520 574 617 638; x_wconf 89' lang='lat' dir='ltr'>niueo</span> <span class='ocrx_word' id='word_1_17' title='bbox 633 572 672 636; x_wconf 93' lang='lat' dir='ltr'>de</span> <span class='ocrx_word' id='word_1_18' title='bbox 686 576 815 656; x_wconf 88' lang='lat' dir='ltr'>pectore</span> <span class='ocrx_word' id='word_1_19' title='bbox 832 510 954 656; x_wconf 72' lang='lat' dir='ltr'>uepsteS,</span> <span class='ocrx_word' id='word_1_20' title='bbox 972 509 995 573; x_wconf 69' lang='lat' dir='ltr'>g</span> 
     </span>
    </p>

    <p class='ocr_par' dir='ltr' id='par_1_4' title="bbox 153 657 1074 1079">
     <span class='ocr_line' id='line_1_5' title="bbox 153 657 1007 741; baseline -0.005 -17"><span class='ocrx_word' id='word_1_21' title='bbox 153 676 203 724; x_wconf 83' lang='grc'>205</span> <span class='ocrx_word' id='word_1_22' title='bbox 217 661 340 725; x_wconf 91' lang='lat' dir='ltr'>Murice</span> <span class='ocrx_word' id='word_1_23' title='bbox 356 680 486 724; x_wconf 89' lang='lat' dir='ltr'>serrano</span> <span class='ocrx_word' id='word_1_24' title='bbox 502 658 638 722; x_wconf 87' lang='lat' dir='ltr'>rutilans</span> <span class='ocrx_word' id='word_1_25' title='bbox 653 657 740 722; x_wconf 87' lang='lat' dir='ltr'>huno</span> <span class='ocrx_word' id='word_1_26' title='bbox 755 679 897 741; x_wconf 84' lang='lat' dir='ltr'>purpura</span> <span class='ocrx_word' id='word_1_27' title='bbox 912 657 1007 721; x_wconf 85' lang='lat' dir='ltr'>uelet.</span> 
     </span>
     <span class='ocr_line' id='line_1_6' title="bbox 216 740 1074 828; baseline -0.005 -18"><span class='ocrx_word' id='word_1_28' title='bbox 216 745 249 810; x_wconf 90' lang='lat' dir='ltr'>N</span> <span class='ocrx_word' id='word_1_29' title='bbox 250 767 285 809; x_wconf 89' lang='lat' dir='ltr'>ec</span> <span class='ocrx_word' id='word_1_30' title='bbox 300 744 420 828; x_wconf 88' lang='lat' dir='ltr'>pudeat</span> <span class='ocrx_word' id='word_1_31' title='bbox 434 742 520 826; x_wconf 93' lang='lat' dir='ltr'>quod</span> <span class='ocrx_word' id='word_1_32' title='bbox 534 743 625 826; x_wconf 89' lang='lat' dir='ltr'>pauit</span> <span class='ocrx_word' id='word_1_33' title='bbox 640 763 732 806; x_wconf 83' lang='lat' dir='ltr'>oues:</span> <span class='ocrx_word' id='word_1_34' title='bbox 755 763 816 826; x_wconf 89' lang='lat' dir='ltr'>ego</span> <span class='ocrx_word' id='word_1_35' title='bbox 830 745 940 825; x_wconf 88' lang='lat' dir='ltr'>pastor</span> <span class='ocrx_word' id='word_1_36' title='bbox 955 740 1074 824; x_wconf 90' lang='lat' dir='ltr'>Apollo</span> 
     </span>
     <span class='ocr_line' id='line_1_7' title="bbox 217 827 1058 911; baseline -0.006 -18"><span class='ocrx_word' id='word_1_37' title='bbox 217 829 234 893; x_wconf 91' lang='lat' dir='ltr'>I</span> <span class='ocrx_word' id='word_1_38' title='bbox 257 851 290 894; x_wconf 86' lang='lat' dir='ltr'>se</span> <span class='ocrx_word' id='word_1_39' title='bbox 306 829 354 892; x_wconf 91' lang='lat' dir='ltr'>fui</span> <span class='ocrx_word' id='word_1_40' title='bbox 370 828 580 911; x_wconf 81' lang='lat' dir='ltr'>domibusque</span> <span class='ocrx_word' id='word_1_41' title='bbox 595 847 713 890; x_wconf 84' lang='lat' dir='ltr'>canens</span> <span class='ocrx_word' id='word_1_42' title='bbox 727 845 825 909; x_wconf 84' lang='lat' dir='ltr'>pecus</span> <span class='ocrx_word' id='word_1_43' title='bbox 841 847 936 890; x_wconf 91' lang='lat' dir='ltr'>omne</span> <span class='ocrx_word' id='word_1_44' title='bbox 952 827 1058 910; x_wconf 82' lang='lat' dir='ltr'>coegi,</span> 
     </span>
     <span class='ocr_line' id='line_1_8' title="bbox 220 853 1001 997; baseline -0.008 -18"><span class='ocrx_word' id='word_1_45' title='bbox 220 853 302 979; x_wconf 51' lang='grc'>01222</span> <span class='ocrx_word' id='word_1_46' title='bbox 316 913 430 997; x_wconf 88' lang='lat' dir='ltr'>procul</span> <span class='ocrx_word' id='word_1_47' title='bbox 445 934 464 976; x_wconf 93' lang='lat' dir='ltr'>a</span> <span class='ocrx_word' id='word_1_48' title='bbox 478 911 558 975; x_wconf 90' lang='lat' dir='ltr'>uilla</span> <span class='ocrx_word' id='word_1_49' title='bbox 571 910 731 975; x_wconf 82' lang='lat' dir='ltr'>fumantia</span> <span class='ocrx_word' id='word_1_50' title='bbox 745 914 830 975; x_wconf 90' lang='lat' dir='ltr'>tecta</span> <span class='ocrx_word' id='word_1_51' title='bbox 844 909 1001 993; x_wconf 90' lang='lat' dir='ltr'>uiderem,</span> 
     </span>
     <span class='ocr_line' id='line_1_9' title="bbox 221 995 1042 1079; baseline -0.002 -19"><span class='ocrx_word' id='word_1_52' title='bbox 221 998 384 1078; x_wconf 78' lang='lat' dir='ltr'>Alcestam</span> <span class='ocrx_word' id='word_1_53' title='bbox 399 997 458 1061; x_wconf 90' lang='lat' dir='ltr'>sub</span> <span class='ocrx_word' id='word_1_54' title='bbox 473 1001 568 1061; x_wconf 88' lang='lat' dir='ltr'>noete</span> <span class='ocrx_word' id='word_1_55' title='bbox 583 1017 704 1079; x_wconf 88' lang='lat' dir='ltr'>pauens</span> <span class='ocrx_word' id='word_1_56' title='bbox 720 995 797 1060; x_wconf 87' lang='lat' dir='ltr'>deus</span> <span class='ocrx_word' id='word_1_57' title='bbox 812 996 912 1059; x_wconf 85' lang='lat' dir='ltr'>ubera</span> <span class='ocrx_word' id='word_1_58' title='bbox 925 995 1042 1078; x_wconf 87' lang='lat' dir='ltr'>pressi,</span> 
     </span>
    </p>

    <p class='ocr_par' dir='ltr' id='par_1_5' title="bbox 154 1080 1078 1503">
     <span class='ocr_line' id='line_1_10' title="bbox 154 1080 1078 1164; baseline 0 -20"><span class='ocrx_word' id='word_1_59' title='bbox 154 1097 207 1145; x_wconf 86' lang='grc'>210</span> <span class='ocrx_word' id='word_1_60' title='bbox 218 1083 373 1146; x_wconf 89' lang='lat' dir='ltr'>Admetus</span> <span class='ocrx_word' id='word_1_61' title='bbox 388 1082 547 1145; x_wconf 74' lang='lat' dir='ltr'>intrantes</span> <span class='ocrx_word' id='word_1_62' title='bbox 562 1080 680 1145; x_wconf 86' lang='lat' dir='ltr'>haedos</span> <span class='ocrx_word' id='word_1_63' title='bbox 695 1081 885 1144; x_wconf 89' lang='lat' dir='ltr'>numerabat</span> <span class='ocrx_word' id='word_1_64' title='bbox 899 1083 933 1144; x_wconf 88' lang='lat' dir='ltr'>et</span> <span class='ocrx_word' id='word_1_65' title='bbox 948 1083 1078 1164; x_wconf 76' lang='lat' dir='ltr'>agnos&#39;</span> 
     </span>
     <span class='ocr_line' id='line_1_11' title="bbox 218 1164 1064 1232; baseline -0.002 -2"><span class='ocrx_word' id='word_1_66' title='bbox 218 1167 354 1232; x_wconf 75' lang='lat' dir='ltr'>Dixerat</span> <span class='ocrx_word' id='word_1_67' title='bbox 368 1171 401 1230; x_wconf 87' lang='lat' dir='ltr'>et</span> <span class='ocrx_word' id='word_1_68' title='bbox 415 1165 583 1230; x_wconf 90' lang='lat' dir='ltr'>Phoebum</span> <span class='ocrx_word' id='word_1_69' title='bbox 598 1164 745 1229; x_wconf 90' lang='lat' dir='ltr'>Priamus</span> <span class='ocrx_word' id='word_1_70' title='bbox 760 1165 936 1229; x_wconf 87' lang='lat' dir='ltr'>submissus</span> <span class='ocrx_word' id='word_1_71' title='bbox 951 1165 1064 1230; x_wconf 89' lang='lat' dir='ltr'>adorat</span> 
     </span>
     <span class='ocr_line' id='line_1_12' title="bbox 217 1248 1026 1335; baseline -0.001 -20"><span class='ocrx_word' id='word_1_72' title='bbox 217 1251 263 1315; x_wconf 79' lang='lat' dir='ltr'>Et</span> <span class='ocrx_word' id='word_1_73' title='bbox 276 1254 383 1335; x_wconf 88' lang='lat' dir='ltr'>grates</span> <span class='ocrx_word' id='word_1_74' title='bbox 398 1271 528 1314; x_wconf 83' lang='lat' dir='ltr'>securus</span> <span class='ocrx_word' id='word_1_75' title='bbox 543 1249 625 1334; x_wconf 85' lang='lat' dir='ltr'>agit,</span> <span class='ocrx_word' id='word_1_76' title='bbox 640 1252 726 1314; x_wconf 89' lang='lat' dir='ltr'>tacet</span> <span class='ocrx_word' id='word_1_77' title='bbox 741 1251 882 1332; x_wconf 87' lang='lat' dir='ltr'>optimus</span> <span class='ocrx_word' id='word_1_78' title='bbox 896 1248 1026 1314; x_wconf 90' lang='lat' dir='ltr'>Hector.</span> 
     </span>
     <span class='ocr_line' id='line_1_13' title="bbox 219 1334 1046 1419; baseline -0.004 -20"><span class='ocrx_word' id='word_1_79' title='bbox 219 1335 288 1400; x_wconf 91' lang='lat' dir='ltr'>lam</span> <span class='ocrx_word' id='word_1_80' title='bbox 303 1356 404 1419; x_wconf 88' lang='lat' dir='ltr'>regno</span> <span class='ocrx_word' id='word_1_81' title='bbox 419 1356 488 1398; x_wconf 92' lang='lat' dir='ltr'>non</span> <span class='ocrx_word' id='word_1_82' title='bbox 502 1335 606 1416; x_wconf 90' lang='lat' dir='ltr'>impar</span> <span class='ocrx_word' id='word_1_83' title='bbox 622 1336 704 1415; x_wconf 88' lang='lat' dir='ltr'>erat,</span> <span class='ocrx_word' id='word_1_84' title='bbox 720 1334 776 1397; x_wconf 88' lang='lat' dir='ltr'>sed</span> <span class='ocrx_word' id='word_1_85' title='bbox 791 1337 916 1416; x_wconf 88' lang='lat' dir='ltr'>sceptra</span> <span class='ocrx_word' id='word_1_86' title='bbox 931 1334 1046 1397; x_wconf 87' lang='lat' dir='ltr'>tiaram</span> 
     </span>
     <span class='ocr_line' id='line_1_14' title="bbox 219 1418 1012 1503; baseline 0 -20"><span class='ocrx_word' id='word_1_87' title='bbox 219 1419 394 1503; x_wconf 87' lang='lat' dir='ltr'>Imperium</span> <span class='ocrx_word' id='word_1_88' title='bbox 409 1419 536 1483; x_wconf 80' lang='lat' dir='ltr'>trabeas</span> <span class='ocrx_word' id='word_1_89' title='bbox 550 1419 615 1482; x_wconf 90' lang='lat' dir='ltr'>iam</span> <span class='ocrx_word' id='word_1_90' title='bbox 630 1421 704 1501; x_wconf 89' lang='lat' dir='ltr'>post</span> <span class='ocrx_word' id='word_1_91' title='bbox 718 1418 853 1482; x_wconf 89' lang='lat' dir='ltr'>caeleste</span> <span class='ocrx_word' id='word_1_92' title='bbox 869 1418 1012 1483; x_wconf 87' lang='lat' dir='ltr'>tribunal</span> 
     </span>
    </p>

    <p class='ocr_par' dir='ltr' id='par_1_6' title="bbox 154 1501 1027 1670">
     <span class='ocr_line' id='line_1_15' title="bbox 154 1501 1027 1586; baseline 0 -20"><span class='ocrx_word' id='word_1_93' title='bbox 154 1517 205 1566; x_wconf 83' lang='grc'>210</span> <span class='ocrx_word' id='word_1_94' title='bbox 221 1503 340 1568; x_wconf 82' lang='lat' dir='ltr'>Totum</span> <span class='ocrx_word' id='word_1_95' title='bbox 354 1504 419 1567; x_wconf 88' lang='lat' dir='ltr'>uile</span> <span class='ocrx_word' id='word_1_96' title='bbox 434 1506 542 1586; x_wconf 89' lang='lat' dir='ltr'>putat,</span> <span class='ocrx_word' id='word_1_97' title='bbox 558 1502 659 1566; x_wconf 87' lang='lat' dir='ltr'>solam</span> <span class='ocrx_word' id='word_1_98' title='bbox 675 1501 764 1584; x_wconf 90' lang='lat' dir='ltr'>cupit</span> <span class='ocrx_word' id='word_1_99' title='bbox 778 1501 893 1566; x_wconf 86' lang='lat' dir='ltr'>addere</span> <span class='ocrx_word' id='word_1_100' title='bbox 907 1502 1027 1566; x_wconf 89' lang='lat' dir='ltr'>famam</span> 
     </span>
     <span class='ocr_line' id='line_1_16' title="bbox 221 1586 968 1670; baseline 0 -18"><span class='ocrx_word' id='word_1_101' title='bbox 221 1587 381 1652; x_wconf 89' lang='lat' dir='ltr'>Maiorum</span> <span class='ocrx_word' id='word_1_102' title='bbox 397 1587 517 1670; x_wconf 78' lang='lat' dir='ltr'>titulis,</span> <span class='ocrx_word' id='word_1_103' title='bbox 533 1587 661 1650; x_wconf 85' lang='lat' dir='ltr'>uiuaees</span> <span class='ocrx_word' id='word_1_104' title='bbox 677 1607 829 1670; x_wconf 89' lang='lat' dir='ltr'>quaerere</span> <span class='ocrx_word' id='word_1_105' title='bbox 844 1586 968 1667; x_wconf 88' lang='lat' dir='ltr'>laudes,</span> 
     </span>
    </p>

    <p class='ocr_par' dir='ltr' id='par_1_7' title="bbox 217 1671 1032 1926">
     <span class='ocr_line' id='line_1_17' title="bbox 221 1671 1032 1754; baseline -0.002 -17"><span class='ocrx_word' id='word_1_106' title='bbox 221 1671 266 1738; x_wconf 88' lang='lat' dir='ltr'>Ut</span> <span class='ocrx_word' id='word_1_107' title='bbox 281 1673 363 1736; x_wconf 83' lang='lat' dir='ltr'>celet</span> <span class='ocrx_word' id='word_1_108' title='bbox 402 1671 466 1736; x_wconf 91' lang='lat' dir='ltr'>uod</span> <span class='ocrx_word' id='word_1_109' title='bbox 480 1675 591 1754; x_wconf 84' lang='lat' dir='ltr'>pastor</span> <span class='ocrx_word' id='word_1_110' title='bbox 609 1675 685 1734; x_wconf 89' lang='lat' dir='ltr'>erat.</span> <span class='ocrx_word' id='word_1_111' title='bbox 716 1671 771 1734; x_wconf 90' lang='lat' dir='ltr'>uix</span> <span class='ocrx_word' id='word_1_112' title='bbox 785 1671 911 1735; x_wconf 87' lang='lat' dir='ltr'>uiderat</span> <span class='ocrx_word' id='word_1_113' title='bbox 926 1672 1032 1735; x_wconf 90' lang='lat' dir='ltr'>aulam</span> 
     </span>
     <span class='ocr_line' id='line_1_18' title="bbox 218 1695 981 1841; baseline 0 -21"><span class='ocrx_word' id='word_1_114' title='bbox 218 1755 331 1841; x_wconf 86' lang='lat' dir='ltr'>Regis,</span> <span class='ocrx_word' id='word_1_115' title='bbox 348 1695 504 1821; x_wconf 59' lang='lat' dir='ltr'>utiliores</span> <span class='ocrx_word' id='word_1_116' title='bbox 520 1755 645 1838; x_wconf 88' lang='lat' dir='ltr'>quaerit</span> <span class='ocrx_word' id='word_1_117' title='bbox 658 1776 716 1838; x_wconf 92' lang='lat' dir='ltr'>per</span> <span class='ocrx_word' id='word_1_118' title='bbox 730 1755 827 1819; x_wconf 91' lang='lat' dir='ltr'>litora</span> <span class='ocrx_word' id='word_1_119' title='bbox 841 1777 981 1840; x_wconf 87' lang='lat' dir='ltr'>puppes,</span> 
     </span>
     <span class='ocr_line' id='line_1_19' title="bbox 217 1839 1016 1926; baseline -0.001 -21"><span class='ocrx_word' id='word_1_120' title='bbox 217 1843 383 1926; x_wconf 79' lang='lat' dir='ltr'>Aegaeum</span> <span class='ocrx_word' id='word_1_121' title='bbox 398 1841 522 1905; x_wconf 84' lang='lat' dir='ltr'>sulcare</span> <span class='ocrx_word' id='word_1_122' title='bbox 538 1839 655 1903; x_wconf 88' lang='lat' dir='ltr'>fretum</span> <span class='ocrx_word' id='word_1_123' title='bbox 671 1840 736 1904; x_wconf 90' lang='lat' dir='ltr'>iam</span> <span class='ocrx_word' id='word_1_124' title='bbox 751 1843 858 1904; x_wconf 87' lang='lat' dir='ltr'>mente</span> <span class='ocrx_word' id='word_1_125' title='bbox 873 1841 1016 1923; x_wconf 88' lang='lat' dir='ltr'>parabat.</span> 
     </span>
    </p>

    <p class='ocr_par' dir='ltr' id='par_1_8' title="bbox 154 1923 1203 2346">
     <span class='ocr_line' id='line_1_20' title="bbox 154 1923 1075 2009; baseline 0.002 -23"><span class='ocrx_word' id='word_1_126' title='bbox 154 1939 206 1988; x_wconf 90' lang='grc'>220</span> <span class='ocrx_word' id='word_1_127' title='bbox 217 1923 269 1990; x_wconf 83' lang='lat' dir='ltr'>Sic</span> <span class='ocrx_word' id='word_1_128' title='bbox 285 1929 376 2009; x_wconf 88' lang='lat' dir='ltr'>pater</span> <span class='ocrx_word' id='word_1_129' title='bbox 391 1924 575 2007; x_wconf 87' lang='lat' dir='ltr'>adloquitur</span> <span class='ocrx_word' id='word_1_130' title='bbox 589 1924 738 1988; x_wconf 89' lang='lat' dir='ltr'>iuuenem</span> <span class='ocrx_word' id='word_1_131' title='bbox 755 1946 902 1990; x_wconf 85' lang='lat' dir='ltr'>sermone</span> <span class='ocrx_word' id='word_1_132' title='bbox 917 1925 1075 1990; x_wconf 91' lang='lat' dir='ltr'>uerendo:</span> 
     </span>
     <span class='ocr_line' id='line_1_21' title="bbox 220 2007 1057 2094; baseline 0 -20"><span class='ocrx_word' id='word_1_133' title='bbox 220 2009 321 2074; x_wconf 80' lang='lat' dir='ltr'>‘Nate</span> <span class='ocrx_word' id='word_1_134' title='bbox 336 2009 435 2074; x_wconf 85' lang='lat' dir='ltr'>redux</span> <span class='ocrx_word' id='word_1_135' title='bbox 450 2007 579 2093; x_wconf 86' lang='lat' dir='ltr'>pietatis</span> <span class='ocrx_word' id='word_1_136' title='bbox 594 2031 697 2092; x_wconf 89' lang='lat' dir='ltr'>amor,</span> <span class='ocrx_word' id='word_1_137' title='bbox 713 2009 817 2074; x_wconf 89' lang='lat' dir='ltr'>bonus</span> <span class='ocrx_word' id='word_1_138' title='bbox 833 2010 953 2075; x_wconf 75' lang='lat' dir='ltr'>arbiter</span> <span class='ocrx_word' id='word_1_139' title='bbox 966 2009 1057 2094; x_wconf 89' lang='lat' dir='ltr'>Idae,</span> 
     </span>
     <span class='ocr_line' id='line_1_22' title="bbox 218 2092 1203 2176; baseline -0.004 -19"><span class='ocrx_word' id='word_1_140' title='bbox 218 2092 279 2157; x_wconf 90' lang='lat' dir='ltr'>Dic</span> <span class='ocrx_word' id='word_1_141' title='bbox 293 2095 351 2157; x_wconf 91' lang='lat' dir='ltr'>ubi</span> <span class='ocrx_word' id='word_1_142' title='bbox 365 2095 414 2157; x_wconf 88' lang='lat' dir='ltr'>uis</span> <span class='ocrx_word' id='word_1_143' title='bbox 430 2115 553 2156; x_wconf 88' lang='lat' dir='ltr'>armare</span> <span class='ocrx_word' id='word_1_144' title='bbox 568 2097 668 2176; x_wconf 86' lang='lat' dir='ltr'>rates,</span> <span class='ocrx_word' id='word_1_145' title='bbox 684 2094 740 2157; x_wconf 90' lang='lat' dir='ltr'>ubi</span> <span class='ocrx_word' id='word_1_146' title='bbox 755 2096 886 2158; x_wconf 87' lang='lat' dir='ltr'>carbasa</span> <span class='ocrx_word' id='word_1_147' title='bbox 899 2094 1014 2158; x_wconf 76' lang='lat' dir='ltr'>tendis</span> <span class='ocrx_word' id='word_1_148' title='bbox 1125 2104 1157 2153; x_wconf 84' lang='lat' dir='ltr'>tr·</span> <span class='ocrx_word' id='word_1_149' title='bbox 1166 2103 1203 2154; x_wconf 74' lang='grc'>40]</span> 
     </span>
     <span class='ocr_line' id='line_1_23' title="bbox 216 2177 1085 2262; baseline 0.001 -20"><span class='ocrx_word' id='word_1_150' title='bbox 216 2177 385 2261; x_wconf 83' lang='lat' dir='ltr'>Nusquam</span> <span class='ocrx_word' id='word_1_151' title='bbox 399 2177 485 2242; x_wconf 88' lang='lat' dir='ltr'>bella</span> <span class='ocrx_word' id='word_1_152' title='bbox 498 2199 577 2261; x_wconf 90' lang='lat' dir='ltr'>paro</span> <span class='ocrx_word' id='word_1_153' title='bbox 584 2227 593 2260; x_wconf 91' lang='lat'>,</span> <span class='ocrx_word' id='word_1_154' title='bbox 608 2197 745 2262; x_wconf 90' lang='lat' dir='ltr'>regnum</span> <span class='ocrx_word' id='word_1_155' title='bbox 761 2179 820 2242; x_wconf 90' lang='lat' dir='ltr'>sub</span> <span class='ocrx_word' id='word_1_156' title='bbox 835 2199 914 2260; x_wconf 88' lang='lat' dir='ltr'>pace</span> <span class='ocrx_word' id='word_1_157' title='bbox 929 2181 1085 2262; x_wconf 88' lang='lat' dir='ltr'>guberno.</span> 
     </span>
     <span class='ocr_line' id='line_1_24' title="bbox 218 2261 1018 2346; baseline 0 -20"><span class='ocrx_word' id='word_1_158' title='bbox 218 2261 281 2326; x_wconf 80' lang='lat' dir='ltr'>Sed</span> <span class='ocrx_word' id='word_1_159' title='bbox 296 2263 323 2326; x_wconf 88' lang='lat' dir='ltr'>si</span> <span class='ocrx_word' id='word_1_160' title='bbox 337 2266 450 2346; x_wconf 92' lang='lat' dir='ltr'>torpor</span> <span class='ocrx_word' id='word_1_161' title='bbox 465 2263 551 2326; x_wconf 89' lang='lat' dir='ltr'>iners</span> <span class='ocrx_word' id='word_1_162' title='bbox 565 2263 670 2344; x_wconf 91' lang='lat' dir='ltr'>pudor</span> <span class='ocrx_word' id='word_1_163' title='bbox 684 2265 733 2326; x_wconf 91' lang='lat' dir='ltr'>est</span> <span class='ocrx_word' id='word_1_164' title='bbox 748 2265 780 2325; x_wconf 88' lang='lat' dir='ltr'>et</span> <span class='ocrx_word' id='word_1_165' title='bbox 794 2264 889 2345; x_wconf 91' lang='lat' dir='ltr'>turpe</span> <span class='ocrx_word' id='word_1_166' title='bbox 904 2284 1018 2326; x_wconf 91' lang='lat' dir='ltr'>uacare</span> 
     </span>
    </p>

    <p class='ocr_par' dir='ltr' id='par_1_9' title="bbox 153 2345 941 2430">
     <span class='ocr_line' id='line_1_25' title="bbox 153 2345 941 2430; baseline 0.006 -24"><span class='ocrx_word' id='word_1_167' title='bbox 153 2357 203 2406; x_wconf 79' lang='grc'>220</span> <span class='ocrx_word' id='word_1_168' title='bbox 218 2345 328 2411; x_wconf 70' lang='lat' dir='ltr'>(hedis</span> <span class='ocrx_word' id='word_1_169' title='bbox 335 2397 345 2430; x_wconf 91' lang='lat'>,</span> <span class='ocrx_word' id='word_1_170' title='bbox 360 2347 557 2429; x_wconf 86' lang='lat' dir='ltr'>Alexander,</span> <span class='ocrx_word' id='word_1_171' title='bbox 573 2349 659 2410; x_wconf 88' lang='lat' dir='ltr'>certe</span> <span class='ocrx_word' id='word_1_172' title='bbox 673 2346 799 2430; x_wconf 88' lang='lat' dir='ltr'>legatus</span> <span class='ocrx_word' id='word_1_173' title='bbox 815 2346 924 2412; x_wconf 86' lang='lat' dir='ltr'>adesto</span> <span class='ocrx_word' id='word_1_174' title='bbox 932 2398 941 2430; x_wconf 98' lang='lat'>,</span> 
     </span>
    </p>

    <p class='ocr_par' dir='ltr' id='par_1_10' title="bbox 216 2430 1124 2767">
     <span class='ocr_line' id='line_1_26' title="bbox 217 2430 1089 2515; baseline 0.003 -22"><span class='ocrx_word' id='word_1_175' title='bbox 217 2431 261 2494; x_wconf 80' lang='lat' dir='ltr'>Et</span> <span class='ocrx_word' id='word_1_176' title='bbox 270 2431 447 2495; x_wconf 84' lang='lat' dir='ltr'>Telamona</span> <span class='ocrx_word' id='word_1_177' title='bbox 458 2430 571 2503; x_wconf 88' lang='lat' dir='ltr'>ducem</span> <span class='ocrx_word' id='word_1_178' title='bbox 587 2435 782 2496; x_wconf 89' lang='lat' dir='ltr'>conuentum</span> <span class='ocrx_word' id='word_1_179' title='bbox 796 2453 931 2515; x_wconf 84' lang='lat' dir='ltr'>exposce</span> <span class='ocrx_word' id='word_1_180' title='bbox 946 2453 1089 2497; x_wconf 86' lang='lat' dir='ltr'>sororem</span> 
     </span>
     <span class='ocr_line' id='line_1_27' title="bbox 216 2513 1124 2601; baseline 0.002 -23"><span class='ocrx_word' id='word_1_181' title='bbox 216 2513 382 2579; x_wconf 90' lang='lat' dir='ltr'>Hesionen</span> <span class='ocrx_word' id='word_1_182' title='bbox 397 2537 488 2599; x_wconf 90' lang='lat' dir='ltr'>mox,</span> <span class='ocrx_word' id='word_1_183' title='bbox 502 2517 594 2598; x_wconf 86' lang='lat' dir='ltr'>nate&#39;,</span> <span class='ocrx_word' id='word_1_184' title='bbox 609 2537 730 2578; x_wconf 88' lang='lat' dir='ltr'>meam:</span> <span class='ocrx_word' id='word_1_185' title='bbox 755 2517 884 2601; x_wconf 87' lang='lat' dir='ltr'>captiua</span> <span class='ocrx_word' id='word_1_186' title='bbox 897 2520 1026 2580; x_wconf 89' lang='lat' dir='ltr'>tenetur</span> <span class='ocrx_word' id='word_1_187' title='bbox 1122 2523 1124 2528; x_wconf 87' lang='grc'><strong>’</strong></span> 
     </span>
     <span class='ocr_line' id='line_1_28' title="bbox 217 2598 1078 2687; baseline 0.003 -25"><span class='ocrx_word' id='word_1_188' title='bbox 217 2598 270 2662; x_wconf 89' lang='grc' dir='ltr'>Μ2</span> <span class='ocrx_word' id='word_1_189' title='bbox 284 2621 319 2663; x_wconf 91' lang='lat' dir='ltr'>re</span> <span class='ocrx_word' id='word_1_190' title='bbox 344 2603 441 2663; x_wconf 89' lang='lat' dir='ltr'>nante</span> <span class='ocrx_word' id='word_1_191' title='bbox 457 2621 557 2664; x_wconf 87' lang='lat' dir='ltr'>soror.</span> <span class='ocrx_word' id='word_1_192' title='bbox 588 2600 663 2663; x_wconf 88' lang='lat' dir='ltr'>dum</span> <span class='ocrx_word' id='word_1_193' title='bbox 678 2598 797 2665; x_wconf 86' lang='lat' dir='ltr'>Dorica</span> <span class='ocrx_word' id='word_1_194' title='bbox 812 2621 913 2684; x_wconf 87' lang='lat' dir='ltr'>regna</span> <span class='ocrx_word' id='word_1_195' title='bbox 927 2622 1078 2687; x_wconf 83' lang='lat' dir='ltr'>peragras</span> 
     </span>
     <span class='ocr_line' id='line_1_29' title="bbox 217 2681 1023 2767; baseline 0.005 -21"><span class='ocrx_word' id='word_1_196' title='bbox 217 2681 283 2747; x_wconf 89' lang='lat' dir='ltr'>Dat</span> <span class='ocrx_word' id='word_1_197' title='bbox 330 2706 409 2748; x_wconf 89' lang='lat' dir='ltr'>enus</span> <span class='ocrx_word' id='word_1_198' title='bbox 424 2705 573 2767; x_wconf 90' lang='lat' dir='ltr'>uxorem,</span> <span class='ocrx_word' id='word_1_199' title='bbox 589 2683 687 2748; x_wconf 85' lang='lat' dir='ltr'>faciet</span> <span class='ocrx_word' id='word_1_200' title='bbox 701 2690 733 2748; x_wconf 91' lang='lat' dir='ltr'>te</span> <span class='ocrx_word' id='word_1_201' title='bbox 748 2685 831 2750; x_wconf 91' lang='lat' dir='ltr'>luno</span> <span class='ocrx_word' id='word_1_202' title='bbox 846 2687 1023 2750; x_wconf 64' lang='lat' dir='ltr'>maritum!</span> 
     </span>
    </p>

    <p class='ocr_par' dir='ltr' id='par_1_11' title="bbox 153 2766 1169 3192">
     <span class='ocr_line' id='line_1_30' title="bbox 153 2766 1024 2854; baseline 0.009 -28"><span class='ocrx_word' id='word_1_203' title='bbox 153 2779 204 2827; x_wconf 84' lang='grc'>230</span> <span class='ocrx_word' id='word_1_204' title='bbox 215 2766 307 2832; x_wconf 82' lang='lat' dir='ltr'>Tune</span> <span class='ocrx_word' id='word_1_205' title='bbox 321 2769 449 2832; x_wconf 89' lang='lat' dir='ltr'>iuuenis</span> <span class='ocrx_word' id='word_1_206' title='bbox 464 2769 595 2854; x_wconf 88' lang='lat' dir='ltr'>gauisus</span> <span class='ocrx_word' id='word_1_207' title='bbox 610 2769 670 2833; x_wconf 89' lang='lat' dir='ltr'>ait:</span> <span class='ocrx_word' id='word_1_208' title='bbox 693 2777 858 2853; x_wconf 72' lang='lat' dir='ltr'>‘paremus</span> <span class='ocrx_word' id='word_1_209' title='bbox 874 2775 1024 2853; x_wconf 86' lang='lat' dir='ltr'>ouantes,</span> 
     </span>
     <span class='ocr_line' id='line_1_31' title="bbox 217 2851 1169 2938; baseline 0.005 -22"><span class='ocrx_word' id='word_1_210' title='bbox 217 2851 345 2934; x_wconf 88' lang='lat' dir='ltr'>Optime</span> <span class='ocrx_word' id='word_1_211' title='bbox 358 2852 587 2938; x_wconf 82' lang='lat' dir='ltr'>Troiugenum,</span> <span class='ocrx_word' id='word_1_212' title='bbox 603 2853 686 2917; x_wconf 89' lang='lat' dir='ltr'>nihil</span> <span class='ocrx_word' id='word_1_213' title='bbox 698 2854 841 2938; x_wconf 84' lang='lat' dir='ltr'>estquod</span> <span class='ocrx_word' id='word_1_214' title='bbox 851 2856 938 2919; x_wconf 89' lang='lat' dir='ltr'>iussa</span> <span class='ocrx_word' id='word_1_215' title='bbox 948 2859 1114 2920; x_wconf 66' lang='lat' dir='ltr'>recusem?</span> <span class='ocrx_word' id='word_1_216' title='bbox 1164 2907 1169 2912; x_wconf 76' lang='grc'>.</span> 
     </span>
     <span class='ocr_line' id='line_1_32' title="bbox 216 2934 882 3003; baseline 0.008 -5"><span class='ocrx_word' id='word_1_217' title='bbox 216 2934 368 3001; x_wconf 88' lang='lat' dir='ltr'>Laetatus</span> <span class='ocrx_word' id='word_1_218' title='bbox 383 2939 492 3002; x_wconf 88' lang='lat' dir='ltr'>senior</span> <span class='ocrx_word' id='word_1_219' title='bbox 505 2936 564 3001; x_wconf 92' lang='lat' dir='ltr'>tali</span> <span class='ocrx_word' id='word_1_220' title='bbox 580 2937 798 3002; x_wconf 90' lang='lat' dir='ltr'>moderamine</span> <span class='ocrx_word' id='word_1_221' title='bbox 812 2940 882 3003; x_wconf 88' lang='lat' dir='ltr'>nati</span> 
     </span>
     <span class='ocr_line' id='line_1_33' title="bbox 215 3019 1036 3104; baseline 0.005 -20"><span class='ocrx_word' id='word_1_222' title='bbox 215 3019 356 3085; x_wconf 80' lang='lat' dir='ltr'>Effatnr:</span> <span class='ocrx_word' id='word_1_223' title='bbox 380 3024 453 3085; x_wconf 83' lang='lat' dir='ltr'>‘tua</span> <span class='ocrx_word' id='word_1_224' title='bbox 467 3025 560 3103; x_wconf 86' lang='lat' dir='ltr'>uota,</span> <span class='ocrx_word' id='word_1_225' title='bbox 575 3021 683 3104; x_wconf 90' lang='lat' dir='ltr'>Paris,</span> <span class='ocrx_word' id='word_1_226' title='bbox 699 3021 732 3085; x_wconf 90' lang='lat' dir='ltr'>di</span> <span class='ocrx_word' id='word_1_227' title='bbox 746 3023 832 3088; x_wconf 90' lang='lat' dir='ltr'>iusta</span> <span class='ocrx_word' id='word_1_228' title='bbox 846 3024 1036 3102; x_wconf 83' lang='lat' dir='ltr'>secundent,</span> 
     </span>
     <span class='ocr_line' id='line_1_34' title="bbox 215 3102 1094 3192; baseline 0.003 -24"><span class='ocrx_word' id='word_1_229' title='bbox 215 3102 286 3168; x_wconf 90' lang='lat' dir='ltr'>Hoc</span> <span class='ocrx_word' id='word_1_230' title='bbox 300 3109 429 3170; x_wconf 86' lang='lat' dir='ltr'>tantum</span> <span class='ocrx_word' id='word_1_231' title='bbox 445 3107 579 3190; x_wconf 89' lang='lat' dir='ltr'>supplex</span> <span class='ocrx_word' id='word_1_232' title='bbox 593 3106 722 3190; x_wconf 86' lang='lat' dir='ltr'>genitor</span> <span class='ocrx_word' id='word_1_233' title='bbox 736 3129 808 3192; x_wconf 91' lang='lat' dir='ltr'>rex,</span> <span class='ocrx_word' id='word_1_234' title='bbox 824 3112 899 3173; x_wconf 89' lang='lat' dir='ltr'>nate</span> <span class='ocrx_word' id='word_1_235' title='bbox 906 3158 915 3192; x_wconf 90' lang='lat'>,</span> <span class='ocrx_word' id='word_1_236' title='bbox 930 3111 1094 3192; x_wconf 82' lang='lat' dir='ltr'>precatur:</span> 
     </span>
    </p>
   </div>
   <div class='ocr_carea' id='block_1_3' title="bbox 147 3275 1115 3603">
    <p class='ocr_par' dir='ltr' id='par_1_12' title="bbox 147 3275 1115 3603">
     <span class='ocr_line' id='line_1_35' title="bbox 218 3275 1115 3341; baseline 0.003 -16"><span class='ocrx_word' id='word_1_237' title='bbox 218 3277 268 3326; x_wconf 85' lang='grc'>203</span> <span class='ocrx_word' id='word_1_238' title='bbox 287 3275 368 3328; x_wconf 63' lang='lat' dir='ltr'>(iloto</span> <span class='ocrx_word' id='word_1_239' title='bbox 384 3275 388 3341; x_wconf 77' lang='grc' dir='ltr'>Ι</span> <span class='ocrx_word' id='word_1_240' title='bbox 403 3276 539 3330; x_wconf 82' lang='lat' dir='ltr'>lacheseis</span> <span class='ocrx_word' id='word_1_241' title='bbox 595 3279 645 3328; x_wconf 81' lang='lat'>205</span> <span class='ocrx_word' id='word_1_242' title='bbox 663 3279 787 3330; x_wconf 82' lang='lat' dir='ltr'>rutulam</span> <span class='ocrx_word' id='word_1_243' title='bbox 806 3297 873 3330; x_wconf 84' lang='lat' dir='ltr'>corr.</span> <span class='ocrx_word' id='word_1_244' title='bbox 895 3279 943 3330; x_wconf 92' lang='lat' dir='ltr'>IM</span> <span class='ocrx_word' id='word_1_245' title='bbox 999 3279 1048 3328; x_wconf 89' lang='grc'>207</span> <span class='ocrx_word' id='word_1_246' title='bbox 1067 3294 1115 3328; x_wconf 85' lang='lat' dir='ltr'>ca-</span> 
     </span>
     <span class='ocr_line' id='line_1_36' title="bbox 149 3343 1115 3413; baseline 0.005 -22"><span class='ocrx_word' id='word_1_247' title='bbox 149 3355 211 3392; x_wconf 87' lang='lat' dir='ltr'>rens</span> <span class='ocrx_word' id='word_1_248' title='bbox 232 3343 284 3393; x_wconf 89' lang='lat' dir='ltr'>IM</span> <span class='ocrx_word' id='word_1_249' title='bbox 367 3347 416 3395; x_wconf 84' lang='grc'>209</span> <span class='ocrx_word' id='word_1_250' title='bbox 438 3344 564 3395; x_wconf 85' lang='lat' dir='ltr'>Alcestes</span> <span class='ocrx_word' id='word_1_251' title='bbox 589 3345 638 3395; x_wconf 93' lang='lat' dir='ltr'>IM</span> <span class='ocrx_word' id='word_1_252' title='bbox 658 3349 811 3413; x_wconf 81' lang='lat' dir='ltr'>ineptissime</span> <span class='ocrx_word' id='word_1_253' title='bbox 896 3349 945 3396; x_wconf 88' lang='grc'>212</span> <span class='ocrx_word' id='word_1_254' title='bbox 967 3352 1027 3409; x_wconf 80' lang='lat' dir='ltr'>port</span> <span class='ocrx_word' id='word_1_255' title='bbox 1049 3347 1115 3396; x_wconf 76' lang='lat' dir='ltr'>hunc</span> 
     </span>
     <span class='ocr_line' id='line_1_37' title="bbox 149 3411 1114 3474; baseline 0.004 -16"><span class='ocrx_word' id='word_1_256' title='bbox 149 3425 248 3460; x_wconf 78' lang='lat' dir='ltr'>aereum</span> <span class='ocrx_word' id='word_1_257' title='bbox 264 3411 329 3474; x_wconf 74' lang='lat' dir='ltr'>sort.</span> <span class='ocrx_word' id='word_1_258' title='bbox 347 3415 466 3463; x_wconf 85' lang='lat' dir='ltr'>nonnulla</span> <span class='ocrx_word' id='word_1_259' title='bbox 485 3415 635 3464; x_wconf 74' lang='lat' dir='ltr'>exciderunt</span> <span class='ocrx_word' id='word_1_260' title='bbox 704 3418 753 3466; x_wconf 89' lang='grc'>217</span> <span class='ocrx_word' id='word_1_261' title='bbox 777 3415 836 3466; x_wconf 89' lang='lat' dir='ltr'>cele</span> <span class='ocrx_word' id='word_1_262' title='bbox 855 3430 924 3466; x_wconf 79' lang='lat' dir='ltr'>corr.</span> <span class='ocrx_word' id='word_1_263' title='bbox 950 3415 998 3463; x_wconf 91' lang='lat' dir='ltr'>IM</span> <span class='ocrx_word' id='word_1_264' title='bbox 1064 3415 1114 3464; x_wconf 90' lang='grc'>222</span> 
     </span>
     <span class='ocr_line' id='line_1_38' title="bbox 147 3477 1114 3546; baseline 0.005 -21"><span class='ocrx_word' id='word_1_265' title='bbox 147 3477 242 3528; x_wconf 83' lang='lat' dir='ltr'>licebat</span> <span class='ocrx_word' id='word_1_266' title='bbox 260 3493 309 3528; x_wconf 89' lang='lat' dir='ltr'>cur</span> <span class='ocrx_word' id='word_1_267' title='bbox 359 3481 410 3532; x_wconf 85' lang='grc'>223</span> <span class='ocrx_word' id='word_1_268' title='bbox 427 3479 500 3531; x_wconf 92' lang='lat' dir='ltr'>bello</span> <span class='ocrx_word' id='word_1_269' title='bbox 521 3496 589 3534; x_wconf 81' lang='lat' dir='ltr'>corr.</span> <span class='ocrx_word' id='word_1_270' title='bbox 609 3482 658 3532; x_wconf 90' lang='lat' dir='ltr'>IM</span> <span class='ocrx_word' id='word_1_271' title='bbox 708 3485 757 3532; x_wconf 90' lang='grc'>226</span> <span class='ocrx_word' id='word_1_272' title='bbox 776 3482 916 3534; x_wconf 86' lang='lat' dir='ltr'>talamona</span> <span class='ocrx_word' id='word_1_273' title='bbox 933 3479 1114 3546; x_wconf 67' lang='lat' dir='ltr'>{conuentam</span> 
     </span>
     <span class='ocr_line' id='line_1_39' title="bbox 149 3545 1115 3603; baseline 0.002 -9"><span class='ocrx_word' id='word_1_274' title='bbox 149 3559 219 3598; x_wconf 79' lang='lat' dir='ltr'>corr.</span> <span class='ocrx_word' id='word_1_275' title='bbox 236 3545 333 3596; x_wconf 76' lang='lat' dir='ltr'>Boeoti.</span> <span class='ocrx_word' id='word_1_276' title='bbox 404 3549 453 3597; x_wconf 89' lang='grc'>227</span> <span class='ocrx_word' id='word_1_277' title='bbox 474 3548 606 3598; x_wconf 78' lang='lat' dir='ltr'>Esionem</span> <span class='ocrx_word' id='word_1_278' title='bbox 675 3551 771 3600; x_wconf 72' lang='lat' dir='ltr'>arete</span> <span class='ocrx_word' id='word_1_279' title='bbox 789 3552 842 3601; x_wconf 84' lang='lat' dir='ltr'>und</span> <span class='ocrx_word' id='word_1_280' title='bbox 911 3553 961 3603; x_wconf 85' lang='grc'>232</span> <span class='ocrx_word' id='word_1_281' title='bbox 980 3549 1115 3600; x_wconf 86' lang='lat' dir='ltr'>Laetatur</span> 
     </span>
    </p>
   </div>
   <div class='ocr_carea' id='block_1_4' title="bbox 0 0 1292 3936">
    <p class='ocr_par' dir='ltr' id='par_1_13' title="bbox 0 0 1292 3936">
     <span class='ocr_line' id='line_1_40' title="bbox 0 0 1292 3936; baseline 0 1"><span class='ocrx_word' id='word_1_282' title='bbox 0 0 1292 3936; x_wconf 95' lang='lat' dir='ltr'> </span> 
     </span>
    </p>
   </div>
  </div>
 </body>
</html>
