2610 3946
184 248 187 254 .
212 204 255 268 64
632 205 762 256 uranus

216 368 265 417 120
278 353 400 420 ‘Natus
415 353 520 418 adest'
536 353 643 436 inquit
664 353 792 418 ‘multis
807 354 872 418 iam
887 355 1050 438 spargitur
1064 377 1122 421 aer

278 438 443 521 Floribus,
460 439 619 502 ambrosio
635 442 741 502 totum
756 439 893 522 respirat
908 437 1033 503 odora'

127 537 160 592 tr.
175 541 209 590 81]
280 522 367 588 Dum
381 523 525 605 loquitur
540 522 660 586 lasciua
675 519 801 604 Uenus,
816 523 908 586 uenit
923 544 995 588 ecce
1010 521 1149 607 Cupido,

280 607 431 672 Fessulus
446 611 479 670 et
493 607 615 690 gremio
631 606 742 670 matris
757 606 895 670 libratur
910 606 1065 672 anhelans

282 691 352 767 Quo
368 712 512 756 sessurus
527 693 607 754 erat.
636 711 731 773 quem
746 691 894 772 protinus
908 691 965 756 illa
979 691 1149 756 uolantem

219 789 269 837 125
283 775 427 858 Occupat
441 779 474 838 et
489 775 592 840 crines
608 775 774 858 componit
788 779 891 838 mater
906 776 1034 840 Amori-

281 861 330 923 Ac
344 881 480 942 puerum
496 859 662 942 complexa
676 859 767 922 fouet
782 858 860 924 dans
875 859 984 924 oscula
998 863 1086 924 nato.

284 942 336 1008 sie
350 942 496 1007 blandita
510 943 611 1006 iubet:
636 943 767 1026 ‘Pyrois
782 964 872 1008 mens
888 943 985 1028 ignea
999 943 1113 1008 mundi

282 1029 391 1110 Atque
409 1047 511 1108 uapor
525 1025 662 1090 fecunde
675 1026 757 1109 poli,
774 1028 930 1092 successio
945 1047 1067 1111 rerum,

282 1111 428 1174 Affectus
442 1115 559 1174 natura
572 1131 675 1194 genus
690 1110 764 1174 fons
780 1116 892 1176 auctor
906 1113 1013 1195 orig0‚

222 1207 271 1256 130
282 1194 332 1258 Tu
347 1194 433 1258 uitae
448 1194 586 1260 fecunda
600 1196 686 1258 salus
701 1199 737 1258 tu
754 1194 871 1260 blanda
885 1195 1035 1279 uoluptas

284 1279 334 1343 Tu
348 1279 498 1362 princeps
512 1280 658 1362 pietatis,
674 1283 792 1362 Amor,
813 1284 845 1344 te
863 1281 1019 1362 praeduce
1033 1279 1157 1346 mundo

284 1363 459 1427 Alternant
474 1363 631 1428 elementa
645 1365 732 1428 uices
747 1365 781 1426 et
793 1385 862 1428 non
876 1364 962 1446 perit
976 1364 1072 1447 orbis,

285 1445 366 1512 Cum
381 1452 515 1529 pereant
529 1469 749 1530 quaecumque
763 1452 860 1530 oeae,
883 1469 943 1514 nec
954 1449 1059 1596 tslputit
1078 1447 1188 1512 adem-

930 1554 952 1615 p
991 1553 1023 1599 m

286 1613 441 1680 Successu
457 1614 609 1680 redeunte
623 1636 721 1680 nouo.
752 1615 843 1680 uenit
856 1635 930 1680 ecce
945 1637 1086 1682 nouerca

225 1712 273 1761 135
284 1699 324 1763 In
338 1700 487 1763 manibus
502 1700 567 1764 iam
580 1699 663 1764 Iuno
678 1698 758 1764 meis
773 1699 971 1783 supplexque
986 1700 1130 1766 locatum

288 1782 376 1858 Quae
391 1783 521 1847 fuerant
535 1783 677 1867 optanda
691 1783 766 1847 tibi:
790 1781 903 1848 Medea
917 1783 1066 1849 sacerdos

288 1865 450 1950 Sacrilega
465 1887 546 1949 quae
561 1889 640 1932 uoce
656 1867 738 1932 solet
752 1888 822 1932 com
847 1868 943 1932 ellere
958 1868 1091 1950 caelum,

286 1949 412 2014 Inuitos
428 1951 531 2014 accire
546 1951 637 2034 deos,
653 1971 790 2035 urguere
834 1956 995 2035 ouantem,

287 2032 373 2098 Dum
389 2034 536 2118 precibus
553 2035 711 2100 elementa
727 2036 832 2120 quatit
846 2058 933 2100 mare
952 2035 1056 2100 sidera
1070 2039 1175 2100 terras

227 2131 276 2180 140
286 2117 446 2184 Naturam
459 2120 589 2184 turbare
604 2120 715 2202 simul,
736 2125 793 2184 tua
807 2120 874 2184 tela
886 2119 1035 2184 medullis

288 2202 438 2288 Excipiet
454 2242 481 2250 -
500 2203 649 2270 hocluno
662 2205 745 2288 petit
768 2243 781 2250 —
798 2203 1192 2352 iuuenemcpuePelargum

287 2285 413 2372 Diligat
429 2293 519 2372 optet
533 2292 619 2353 amet
634 2290 742 2372 cupiat
757 2288 897 2371 suspiret
910 2310 952 2352 an
977 2288 1049 2353 elet.

290 2370 453 2437 Sollicitus
469 2377 578 2437 temen
593 2373 655 2436 ista
669 2395 748 2456 para
769 2375 943 2455 cautusque
957 2375 1135 2436 memento:

290 2454 435 2520 Medeam
450 2457 570 2521 fixurus
586 2458 678 2521 eris.'
709 2457 754 2521 sic
769 2455 838 2520 fata
852 2455 969 2522 Dione.

227 2551 275 2599 145
287 2538 372 2603 Risit
387 2543 488 2605 Amor
509 2541 684 2624 matrisque
699 2541 772 2605 sinu
787 2562 821 2604 se
836 2540 997 2604 subtrahit
1011 2540 1087 2622 alas,

291 2621 421 2704 Spicula
436 2645 532 2690 saeua
546 2625 627 2708 legit
641 2625 757 2706 quibus
773 2624 851 2689 olim
868 2623 961 2688 Luna
974 2646 1033 2708 per
1047 2623 1175 2690 umbras

291 2706 457 2770 Pastorem
471 2707 635 2771 flammata
650 2712 748 2790 tenet,
762 2729 822 2773 nec
837 2709 975 2772 sustinet
989 2709 1081 2793 ignes

292 2789 385 2854 Luna
401 2789 596 2874 Cupidineos
612 2789 697 2856 Solis
712 2814 794 2875 quae
809 2793 947 2857 sustinet
962 2793 1073 2858 orbem

292 2874 337 2937 Et
351 2875 462 2939 fratris
476 2876 573 2940 radiis
589 2879 763 2959 conceptus
779 2877 859 2941 lucis
874 2877 1014 2961 adoptat.

230 2968 281 3018 150
292 2957 363 3022 Hoc
380 2960 425 3022 ait
440 2960 642 3043 ignipotens:
659 2961 736 3025 ‘telo
752 2959 866 3025 Medea
880 2964 1039 3025 cremetur

292 3042 363 3118 Quo
374 3040 555 3125 Scythicam
568 3045 733 3108 succendit
743 3066 834 3109 amor
845 3044 1056 3128 dominaeque
1066 3042 1192 3107 fauillas

142 3140 174 3188 [r.
196 3139 231 3187 ⁸²]
299 3126 468 3191 Excutiam
483 3149 541 3211 per
555 3128 677 3212 templa
690 3128 819 3214 uolans,
834 3132 868 3193 et
881 3129 974 3214 uirgo
990 3131 1123 3194 cruenta

298 3350 346 3398 127
365 3349 455 3398 Pirois
468 3353 630 3418 curruptelae
643 3354 716 3414 cipro
730 3356 842 3400 notatum
859 3358 885 3400 et
901 3352 990 3400 uersat
1000 3349 1026 3413 il
1038 3357 1099 3401 nota
1115 3366 1192 3415 prae·

226 3416 284 3478 flea
303 3423 341 3464 est
414 3419 459 3466 133
478 3417 571 3487 1111ζο11
588 3425 699 3480 urcesp
770 3420 818 3468 133
836 3421 964 3481 suppleuit
982 3417 1078 3468 Bucen.
1148 3418 1193 3468 135

230 3485 347 3531 uocatur
365 3497 435 3531 corr.
455 3483 551 3533 Bueclr.
622 3487 667 3533 151
688 3485 763 3546 Quos

1171 15 1179 22 ’
