2576 3936
240 207 263 271 4
662 205 781 256 111111

257 372 289 420 60
305 357 462 422 Iudicium
477 355 601 420 Paridis
615 355 668 419 uel
682 358 825 438 nostros,
841 357 931 436 nate,
947 354 1134 437 triumphos

307 441 484 507 Cantarent
497 439 613 504 fluidae
629 442 794 522 carpentes
809 460 910 522 pensa
923 438 1060 521 puellae.

305 526 366 590 Est
403 525 518 589 emitus
533 524 613 587 11111
629 545 724 587 causa
738 523 812 586 mei.
843 544 922 606 quas
936 544 994 586 ure
1010 523 1141 608 sagittis

309 547 414 675 Corda
428 610 482 673 uel
496 609 624 672 illarum
639 607 724 670 dulci
739 607 892 691 continge
911 629 1053 671 ueneno:

307 693 453 759 Noscant
467 691 543 776 quid
559 692 601 758 sit
615 713 714 774 amor,
730 691 855 755 discant
868 694 925 754 tua
938 691 1004 755 tela
1013 693 1153 773 puellae.

260 793 292 841 65
307 778 430 842 Alcidis
446 798 552 841 comes
567 779 615 840 est
630 797 736 840 comcs
750 775 928 858 puerilibus
942 777 1036 839 annis

309 861 412 936 Quem
427 863 526 925 rubor
540 864 576 924 ut
589 881 700 924 roseus
716 863 760 923 sic
776 860 896 924 candor
910 860 1032 924 lacteus
1047 863 1162 946 ornat,

308 947 361 1010 Illi
376 966 556 1029 purpureus
570 944 666 1008 niueo
681 948 773 1008 natat
786 945 872 1028 ignis
887 943 922 1007 in
937 965 1006 1008 ore:

166 1049 198 1097 [1.
211 1049 233 1096 41
310 1029 383 1093 Η11
396 1051 496 1112 puero
512 1028 582 1093 uiso
596 1027 822 1112 Nympharum
837 1028 932 1092 turba
946 1028 1091 1092 calescat.
1261 1033 1262 1110 l

194 1151 200 1163 ·
309 1113 397 1177 Haec
412 1113 476 1176 illis
492 1113 534 1176 sit
548 1134 654 1196 poena
667 1134 788 1176 nocens
803 1116 840 1176 ut
854 1116 931 1176 uota
945 1112 1116 1176 trahantur
1261 1111 1262 1138 ¹

261 1212 293 1260 το
308 1198 455 1281 Ipsarum
470 1197 505 1260 in
519 1197 654 1281 longum
670 1196 772 1261 doncc
785 1197 939 1280 pubescat
953 1201 1104 1260 amatus)

309 1281 383 1346 Ibat
396 1281 500 1346 adhuc
515 1282 551 1345 in
565 1283 664 1345 uerba
678 1281 771 1346 dolor
785 1282 820 1344 ni
835 1281 986 1365 pinniger
1000 1281 1103 1345 audax

311 1365 487 1430 Dimittens
502 1369 637 1430 matrem
651 1365 814 1430 fricuisset
829 1369 900 1429 cote
915 1366 1059 1450 sagittas.

310 1454 398 1514 Arcu
413 1451 537 1514 cinctus
552 1454 635 1531 crat,
651 1450 769 1513 dantur
781 1453 856 1532 post
868 1453 962 1533 terga
975 1449 1144 1533 pharetrae

311 1534 440 1616 Accipit
454 1537 486 1598 et
500 1534 644 1597 flammas
664 1533 833 1597 hominum
848 1533 1020 1617 diuumque
1035 1535 1202 1617 uoluptas,

264 1631 296 1679 75
311 1618 432 1682 Euolat
446 1622 598 1682 armatus.
629 1618 684 1681 uix
700 1617 828 1681 caelum
839 1617 978 1701 liquerat
992 1618 1058 1681 ales
1263 1644 1264 1706 1

312 1703 444 1785 lamque
459 1706 548 1766 111111
562 1706 679 1766 terras:
702 1701 748 1766 sic
762 1702 863 1766 currit
877 1703 994 1765 mentis
1008 1723 1152 1766 acumen.

313 1785 360 1850 Ut
375 1787 466 1850 uenit
480 1787 520 1850 ad
534 1786 674 1869 fontem,
690 1786 828 1870 lapidem
846 1786 982 1870 proiecit
995 1786 1031 1849 in
1045 1786 1156 1850 undas.

314 1869 485 1934 Concussit
498 1871 602 1934 uitreo
618 1871 742 1934 sonitus
758 1871 816 1934 sub
831 1870 922 1935 fonto
936 1870 1069 1954 puellas.

313 1952 462 2018 Exiliunt
475 1956 623 2035 cunctae,
639 1959 798 2036 quaerunt
812 1976 893 2038 quae
908 1976 1004 2019 causa
1023 1954 1147 2038 quietas
1264 1950 1265 2034 l

263 2052 297 2100 80
315 2037 482 2102 Sollicitet.
511 2037 642 2101 uoluccr
655 2037 784 2122 fugiens
802 2061 914 2103 nemus
930 2039 1030 2103 intrat
1045 2059 1202 2123 opacum,

314 2121 455 2204 Moxque
471 2121 522 2185 dei
536 2122 646 2186 uultus
662 2123 795 2187 uestiuit
808 2125 916 2208 imago
930 2122 1058 2206 Naidis,

315 2206 433 2270 Tendit
446 2208 590 2271 membra
603 2229 683 2290 puer
698 2207 813 2292 longos
828 2212 865 2272 ut
879 2211 1002 2271 crescat
1014 2207 1050 2270 in
1067 2209 1157 2271 artus

314 2290 361 2355 Ut
374 2291 478 2374 possit
492 2291 651 2374 complere
667 2292 758 2356 dolos
773 2314 810 2356 ac
824 2293 911 2356 iussa
923 2292 1066 2374 parentis

315 2374 440 2440 Glauco
454 2375 551 2458 pedes
565 2377 695 2440 fluitans
710 2377 809 2440 uestis
823 2376 949 2440 laxatur
964 2375 1004 2439 ad
1018 2376 1115 2457 imos,

264 2472 297 2521 85
317 2458 461 2523 Candida
476 2458 582 2522 diffusi
597 2459 713 2523 ludunt
722 2481 784 2607 per
798 2460 881 2524 colla
896 2460 1004 2543 capilli

136 2555 142 2567 '
263 2569 266 2579 ·
314 2543 359 2606 llt
374 2546 472 2607 uento
488 2542 648 2626 crispante
663 2565 721 2628 gra
742 2565 764 2607 u
780 2566 871 2608 coma
885 2545 1020 2608 fluctuat
1034 2546 1119 2624 acta,

315 2627 418 2690 Frons
433 2625 555 2690 nudata
570 2626 660 2691 decet
674 2626 778 2693 diuiso
793 2628 918 2714 fulgida
932 2630 1034 2711 crine,

315 2709 360 2773 Et
374 2709 464 2773 uelut
478 2709 599 2774 inuitos
614 2731 741 2794 gressus
755 2713 944 2796 pudibunda
958 2712 1110 2776 mouebat

315 2793 471 2858 Incedens
486 2794 636 2878 fluxoque
650 2795 753 2861 latent
768 2799 827 2861 sub
841 2798 984 2882 tegmine
998 2796 1127 2880 pinnac.

266 2890 299 2939 90
314 2877 530 2962 Misceturque
545 2900 626 2961 puer
640 2879 800 2965 Nymphis
815 2885 875 2946 sub
889 2881 996 2948 fronte
1010 2880 1137 2965 puellae

315 2962 359 3026 Et
374 2983 484 3027 causas
502 2963 662 3047 perquirit
676 2967 778 3030 Amor
792 2988 849 3030 cur
863 2966 953 3030 fonte
969 2966 1081 3030 relicto

315 3045 429 3111 Terras
445 3053 539 3112 cauta
553 3050 636 3131 petit
641 3099 650 3131 ,
666 3049 771 3114 facilis
786 3050 838 3114 cui
853 3052 949 3115 turba
962 3050 1076 3114 fluenti

318 3221 351 3270 62
380 3219 490 3284 genitus
513 3236 581 3273 corr.
604 3219 701 3271 Bacch.
786 3223 820 3271 64
841 3221 945 3273 Noscat
970 3224 1133 3286 corruptelae
1155 3227 1217 3270 nota

251 3289 338 3336 ueraci
362 3292 516 3350 praeposita
602 3289 635 3338 65
662 3285 767 3354 comcs]
794 3288 894 3339 florens
920 3291 961 3340 uel
986 3289 1077 3340 mollis
1104 3289 1217 3337 1111111111

251 3354 284 3402 'll
301 3352 359 3404 Iret
376 3369 445 3405 corr.
463 3353 625 3419 31111.Ιυί
645 3355 732 3406 uerba
801 3358 833 3406 73
851 3357 1016 3408 Arcucintus
1085 3358 1118 3405 ⁷4
1136 3357 1217 3405 Acci·

251 3420 311 3486 pict
378 3422 411 3470 81
430 3424 482 3472 alia
499 3431 525 3472 et
540 3421 625 3486 proba
642 3437 759 3473 mensura
776 3423 880 3475 Naidas
897 3425 950 3475 VII
968 3426 1001 3476 35
1070 3426 1103 3475 84
1125 3439 1217 3474 corru-

251 3490 337 3550 ptelae
359 3497 421 3539 nota
440 3491 601 3554 praeposita.
635 3492 745 3554 spatium
763 3507 813 3542 non
830 3495 943 3543 relictum
1013 3494 1046 3543 89
1063 3490 1218 3542 Incendens
