2610 3946
254 249 294 316 68
672 251 799 301 nunna

319 400 406 475 Quae
422 400 505 465 sicco
521 420 676 464 mucrone
691 398 809 464 cadet'
840 420 996 463 conuersa
1011 401 1161 466 sacerdos
1273 460 1277 475 ,

317 484 369 548 Ad
384 485 548 548 iuuenem:
573 484 641 548 ‘die
656 486 756 547 nauta
769 483 884 568 fugax,
900 484 1004 566 pirata
1018 485 1178 550 nefande:

317 568 377 633 Est
391 590 523 633 consors
537 571 685 633 matrona
699 567 814 633 decens
830 589 872 631 an
887 567 1007 632 caelibe
1022 569 1091 632 uita

254 667 306 715 250
318 652 367 717 De
394 654 418 717 's
430 653 533 718 adhuc
546 652 734 735 nullumque
747 651 833 716 domi
847 653 905 716 tibi
914 652 1033 749 pignus
1045 653 1220 718 habetur?'

316 674 428 803 ‘doliis
462 737 508 802 ait
524 737 670 821 captiuus
688 745 783 821 ‘ego,
798 735 879 799 mihi
893 757 1032 821 pignora
1047 737 1140 802 nulla

318 821 473 907 Coniugis
489 825 545 886 aut
559 821 706 886 sobolis.’
739 820 831 885 dietis
844 821 957 904 ganisa
974 821 1090 906 uirago

317 905 443 972 Blanda
457 905 570 969 refert:
593 906 655 969 ‘uis
670 925 747 990 ergo
764 926 854 968 meus
864 926 952 969 nuno
964 927 1031 969 esse
1046 905 1217 970 maritusl’

320 989 476 1055 ‘Seruus'
491 988 588 1052 Iason
602 989 648 1053 ait
663 992 807 1053 ‘tantum
821 1009 862 1052 ne
877 989 947 1053 uita
960 993 1099 1073 negetur

257 1089 305 1136 255
317 1074 362 1138 Te
377 1094 492 1158 precor
506 1075 539 1136 et
554 1073 717 1138 dominam
731 1072 863 1137 fateor.'
894 1073 939 1136 sie
953 1073 1049 1138 fatus.
1082 1077 1116 1138 at
1132 1074 1190 1138 illa

319 1157 455 1241 Rumpit
468 1157 577 1222 uincla
590 1156 742 1240 iubetque
757 1158 828 1222 uiro
843 1157 1019 1240 suspendat
1033 1158 1073 1222 ab
1088 1158 1153 1222 arie

320 1240 367 1306 Ut
381 1242 506 1306 facinus
520 1246 638 1326 purget
653 1241 829 1325 proprium.
859 1246 954 1306 uocat
968 1242 1038 1326 ipsa
1052 1243 1205 1307 maritum

319 1324 474 1392 Uestibus
488 1326 638 1390 indutum
652 1325 757 1410 Tyriis
772 1347 851 1408 quas
866 1326 985 1390 sericus
1001 1327 1103 1390 ambit

319 1411 429 1476 Mollis
445 1412 526 1476 etin
539 1410 645 1474 medio
661 1409 787 1474 fuluum
803 1409 992 1474 distinxerat
1006 1432 1136 1494 aurum,

256 1507 306 1557 250
319 1496 447 1559 Blattea
461 1495 599 1578 puniceo
614 1494 782 1558 radiabant
796 1495 933 1559 stamina
947 1494 1013 1558 filo.

318 1580 460 1663 Expauit
473 1580 598 1662 nutrix,
615 1599 725 1643 omnes
741 1583 890 1661 stupuere
905 1577 1055 1643 ministri.

319 1666 364 1728 At
402 1665 485 1728 ueri
534 1663 541 1676 ’
567 1666 659 1728 otene
673 1663 778 1728 uictor
797 1684 854 1746 per
868 1662 989 1746 templa
1000 1662 1189 1746 triumphat,

318 1686 433 1812 Nudus
447 1683 542 1813 lud11¹
544 1687 673 1831 hymen
680 1797 689 1830 ,
704 1746 811 1811 mollis
826 1747 964 1822 lasciuia
973 1747 1084 1829 saltat,

321 1831 446 1894 Blanda
460 1832 561 1895 libido
577 1833 658 1914 coit,
674 1831 810 1915 simplex
825 1831 956 1896 affectus
970 1831 1133 1914 inhaeret,

257 1929 306 1974 205
321 1913 459 1980 Ludiera
473 1915 617 1997 puniceis
632 1915 827 1978 resonabant
842 1915 951 1979 oscula
964 1915 1079 1996 labris,

320 1999 409 2063 Dant
423 1997 534 2062 faciles
549 1999 680 2082 plausus
695 1998 866 2063 concordia
880 1999 984 2084 gratia
997 1999 1101 2064 lusus:

320 2082 464 2167 Sponsus
478 2082 574 2148 Iason
589 2086 658 2146 erat
672 2083 815 2167 gaudens
831 2088 863 2147 ct
877 2104 995 2168 sponsa
1010 2083 1157 2148 sacerdos

320 2166 372 2232 Ad
385 2167 546 2233 thalamos
561 2171 635 2250 post
648 2167 771 2251 templa
784 2168 858 2231 ruit.
885 2172 962 2232 tuno
977 2168 1125 2251 pronuba
1135 2167 1219 2233 Iuno

320 2252 436 2316 Adfuit
451 2257 483 2316 et
497 2257 604 2338 grates
620 2251 756 2317 Ueneris
771 2252 909 2316 facunda
923 2252 1069 2316 canebat.

258 2349 309 2398 270
320 2337 403 2402 Eece
419 2337 655 2420 triumphantes
669 2336 810 2420 ingratia
824 2335 904 2400 dura
917 2335 1041 2421 iugales
1055 2363 1060 2366 ·

263 2477 267 2484 .
322 2420 538 2504 Consequitur
553 2440 664 2506 gressu
679 2441 825 2503 consors,
841 2420 963 2484 obliuio
979 2421 1035 2484 iun
1062 2420 1094 2482 ‘t

166 2538 197 2585 p),
210 2537 245 2584 86]
322 2505 483 2570 Marcidus
497 2505 620 2569 interea
636 2505 765 2568 domitis
779 2504 923 2568 rediebat
937 2505 977 2568 ab
991 2504 1031 2568 In
1053 2505 1081 2566 is

321 2589 419 2654 Liber
433 2588 621 2653 anhelantes
636 2588 778 2653 residens
792 2591 867 2672 post
880 2589 1004 2672 proelia
1020 2589 1134 2672 tigres,

321 2671 422 2747 Quem
438 2673 582 2755 sequitur
597 2672 736 2736 iucunda
751 2694 864 2736 manus
879 2673 994 2737 saltare
1009 2676 1123 2756 parata

258 2767 308 2816 275
321 2754 421 2819 Ebria
436 2756 616 2839 pampineis
631 2756 768 2820 miscens
782 2757 920 2842 uestigia
934 2756 1063 2842 thyrsis.

321 2838 429 2905 Sensit
444 2839 650 2904 amoriferum
666 2838 847 2924 Scythicam
862 2841 968 2906 fixisse
984 2841 1110 2926 sagittis

320 2924 365 2988 Et
379 2924 543 2990 uolucrem
558 2946 693 3009 puerum
707 2925 897 3008 populatum
910 2925 1031 3010 templa
1046 2924 1187 2990 Dianae:

324 3147 375 3197 248
394 3145 508 3211 dignata
576 3147 626 3195 250
644 3149 734 3196 lamna
752 3146 865 3195 indicata
883 3153 921 3196 est
940 3149 1044 3212 etinmp
1113 3147 1164 3197 256
1183 3148 1221 3196 iu·
1273 3119 1274 3126 ἵ

257 3214 376 3279 uanique
395 3230 463 3265 corr.
476 3211 575 3262 Bucen.
591 3216 595 3272 Ι
610 3212 688 3276 uirgo
705 3241 708 3272 ι
724 3213 866 3276 suspendit
885 3230 945 3264 corr
974 3214 1068 3264 Bacch.
1088 3223 1221 3278 corrupte-

855 3287 865 3318 Ι

257 3333 297 3378 lae
316 3339 376 3380 nota
394 3333 481 3381 uersat
496 3333 618 3394 praefixo
636 3338 675 3379 est
731 3333 780 3382 '258
799 3347 879 3395 quam
943 3297 1124 3381 260015055-
1172 3333 1221 3382 267

258 3403 317 3447 ante
336 3399 465 3448 sacerdos
488 3400 621 3461 repetitum
644 3409 724 3446 saeco
748 3401 852 3458 (tainum
871 3402 962 3448 literne
981 3397 1008 3458 d)
1078 3399 1128 3448 268
1146 3397 1223 3448 ducit

259 3468 287 3512 et
305 3463 377 3512 hunc
396 3481 465 3515 corr.
486 3464 581 3514 Bacch.
643 3467 692 3514 269
710 3469 780 3514 maelis·
799 3467 902 3515 Ueneri
958 3468 1005 3515 771
1027 3481 1135 3527 gressus
1153 3482 1221 3516 corr.
1272 3509 1273 3512 ,

259 3529 354 3582 Bueet.
425 3531 474 3581 275
493 3533 576 3593 tyrsis

1250 3523 1273 3930 l
