2610 3946
173 155 177 164 ’
209 177 251 241 72
627 175 757 228 Manen

207 379 209 384 i
273 325 418 392 Uentum
434 328 502 390 erat
516 325 556 389 ad
571 325 713 408 Thebas,
729 324 823 408 pellis
838 324 933 389 datur
947 346 1045 389 aurea
1059 326 1142 411 regi.

274 410 411 475 Miratur
425 432 482 474 rex
497 410 565 494 ipse
581 409 701 493 Creon,
717 409 866 474 laudatur
879 407 980 474 Iason

276 494 367 571 Quod
382 495 465 560 freta
479 495 564 578 quod
577 498 681 559 terras
696 493 741 558 sio
755 493 834 558 felix
848 493 968 576 praedo
984 496 1133 578 uagetur.

272 578 371 666 Regis
385 585 463 646 nata
478 579 591 646 decens
602 579 708 644 fuerat
721 577 938 662 pulcherrima
953 576 1075 642 Glauce

209 677 260 726 370
271 665 341 729 lam
357 665 409 729 cui
424 665 594 748 uirginitas
610 664 703 728 annis
718 666 845 728 matura
860 662 1021 727 tumebat:

273 749 361 813 Haec
376 749 432 812 ubi
447 748 615 831 conspexit
628 748 794 830 iuuenem,
810 746 974 811 flammata
987 747 1095 812 nitore

274 835 412 898 Aestuat
427 835 459 896 et
472 832 608 896 laudans
623 832 720 896 alieni
735 832 879 896 membra
892 831 1001 895 mariti

276 916 376 1000 Optat
389 915 507 980 habere
522 916 637 980 uirum.
668 917 777 980 sonuit
791 915 947 1000 genitoris
963 915 1003 979 ad
1018 936 1123 979 aures.

274 1000 365 1064 Tune
380 1003 485 1063 rector
500 999 671 1064 Thebanus
686 1000 747 1064 ait:
771 1001 815 1064 ‘si
829 999 978 1083 luppiter
991 1002 1120 1083 auctor,

211 1096 260 1145 375
273 1083 307 1148 Si
322 1083 488 1166 Lachesis,
504 1084 532 1147 si
546 1085 614 1148 fata
627 1084 754 1167 iubent,
770 1085 818 1148 nil
833 1085 901 1168 ipse
917 1083 1078 1149 morabor.

274 1167 450 1252 Progenies
464 1189 536 1232 mea
550 1173 644 1252 turpe
661 1169 765 1251 eupit:
787 1167 920 1233 fortuna
933 1168 1081 1232 fauorem

273 1251 420 1316 Praestet
434 1256 466 1317 et
480 1253 642 1316 innumeri
656 1252 789 1317 laudent
802 1275 861 1337 per
874 1251 979 1316 saecla
991 1255 1138 1335 nepotes.

274 1335 432 1421 Uirgineo
449 1337 576 1401 dabitur
590 1335 683 1421 pellis
698 1357 771 1402 curn
787 1336 860 1401 dote
875 1337 1020 1484 pudori)

274 1421 418 1486 Finierat
432 1422 548 1485 senior.
579 1424 692 1486 uotum
707 1422 862 1506 cognouit
893 1442 974 1486 ason

211 1517 261 1567 380
272 1505 316 1569 Et
353 1509 437 1570 rates
453 1505 556 1569 elatus
573 1506 649 1590 agit.
679 1509 850 1590 praecepta
864 1510 1021 1590 tyrannus

272 1588 315 1655 D'
364 1589 436 1654 ndit
450 1612 508 1673 per
522 1611 623 1676 regna
637 1611 773 1674 nocens,
788 1590 907 1655 inuitat
921 1590 1052 1672 iniquus

274 1672 322 1739 Ut
335 1675 470 1739 ueniant
484 1674 524 1738 ad
539 1679 617 1739 uota
631 1674 736 1739 duces.
767 1674 843 1739 dum
857 1675 940 1740 festa
953 1676 1125 1756 parantur,

276 1757 440 1842 Cognouit
454 1757 568 1823 Medea
581 1762 673 1824 nefas
688 1780 749 1825 nec
763 1759 886 1824 tardius
901 1757 982 1822 illud

275 1840 432 1924 Credidit,
448 1842 612 1924 ingratum
627 1865 703 1906 nam
718 1847 861 1909 senserat
874 1843 945 1928 ipsa
959 1843 1121 1907 maritum.

210 1937 261 1986 385
275 1926 362 1989 Ante
378 1924 462 1988 diem
476 1928 586 1989 tamen
600 1926 657 1990 illa
672 1925 784 1992 dolens
799 1949 872 1993 eum
888 1931 1033 1993 cerneret
1047 1925 1156 1991 aulam

274 2009 318 2074 Et
332 2030 366 2072 re
390 2009 417 2073 is
431 2007 556 2074 feruere
571 2009 718 2095 domum,
735 2033 807 2076 cum
821 2033 940 2097 magna
954 2014 1110 2096 parantur

273 2029 429 2179 Prende,
445 2095 574 2160 uenturi
589 2095 762 2161 mittebant
776 2097 919 2180 praemia
935 2117 1042 2181 reges,

275 2177 449 2265 Signorum
466 2201 575 2244 cursus
591 2183 624 2244 et
637 2180 752 2266 plenae
768 2202 889 2246 cornua
902 2181 998 2246 lunae

274 2263 433 2347 Captabat
447 2262 561 2328 Medea
574 2265 695 2329 furens.
725 2265 790 2330 iam
806 2265 963 2329 clauserat
978 2265 1089 2328 orbern

210 2359 261 2408 390
275 2347 416 2432 Cynthia
430 2347 561 2412 sidereis
575 2349 805 2414 transcendens
821 2348 955 2414 saltibus
971 2351 1066 2412 astra.

235 2493 238 2499 .
273 2431 351 2496 Mox
366 2431 495 2497 Colchis
511 2454 544 2497 se
560 2434 684 2518 spargit
698 2433 799 2517 aquis,
815 2436 849 2497 et
862 2433 1017 2517 sulphura
1031 2432 1123 2496 lauro

116 2535 148 2582 [r.
162 2533 196 2581 90]
276 2515 357 2580 Cum
371 2517 473 2580 taedis
487 2517 626 2601 fumant,
637 2517 803 2602 'purgabat
817 2518 960 2582 membra
975 2515 1141 2600 sacerdos,

272 2599 317 2663 Et
332 2620 480 2681 campum
495 2604 616 2664 secreta
630 2603 744 2683 petens
759 2602 816 2665 ubi
831 2601 919 2666 mille
934 2599 1081 2686 sepulcra

273 2681 436 2746 Adstabat
451 2682 572 2746 deiecta
587 2684 696 2749 oculos
712 2685 859 2750 confessa
873 2689 1013 2768 reatum,

210 2777 259 2830 395
273 2766 318 2831 Et
332 2765 459 2830 Lunam
473 2766 621 2832 manibus
636 2769 736 2834 tensis
752 2791 825 2834 cum
840 2792 919 2835 uoce
934 2773 1100 2853 precatur:

275 2853 464 2917 ‘Astrorum
500 2851 641 2937 rinceps,
657 2853 825 2940 signorum
840 2855 945 2939 gratia
959 2854 1089 2938 fulgens

274 2934 319 3000 Et
333 2935 413 2999 caeli
428 2873 585 3001 stellantis
600 2937 720 3022 honos,
737 2939 886 3024 caliginis
901 2939 1005 3004 hostis

277 3143 327 3192 3⁷2
345 3141 459 3192 Aeetam
473 3143 501 3190 et
513 3145 675 3206 corruptelae
688 3153 749 3195 nota
761 3147 849 3196 ueraci
863 3145 1016 3210 praeposita
1029 3148 1068 3193 est
1124 3144 1177 3196 380

211 3214 301 3360 θΙῖιοξιιε
326 3259 386 3325 aigt
405 3259 498 3324 agity
568 3261 617 3311 382
636 3266 750 3328 sextep
820 3263 871 3314 384
893 3277 944 3312 nec
963 3278 1033 3313 corr.
1051 3259 1174 3327 Brachi

208 3375 272 3450 ipsa
334 3378 383 3426 387
402 3375 512 3427 Premis
529 3379 642 3430 uenturi
660 3395 729 3430 corr.
746 3379 843 3431 Buecd.
909 3383 958 3432 392
977 3380 1086 3430 fumans
1104 3393 1174 3430 corr.

207 3456 305 3506 Buecb.
374 3460 424 3508 333
443 3459 589 3523 sepulchra
658 3464 709 3513 334
727 3461 825 3513 Stabat
843 3479 911 3519 corr.
929 3463 1027 3514 Bueed.
