2610 3946
511 221 536 270 x
555 221 689 271 raa-246
1040 221 1080 285 67

111 381 166 432 215
180 367 305 434 Reddat
319 371 352 434 et
366 369 502 454 incipias
517 370 634 434 iterum
649 390 708 434 000
723 374 823 434 nauta
838 372 971 435 uenire!

181 452 268 518 Dum
282 453 428 536 loquitur
441 454 595 536 pinnatus
611 455 726 537 Amor,
741 454 808 518 iam
822 455 916 540 uirgo
931 456 1061 520 leuabat

180 537 342 602 Destricto
358 558 512 603 mucrone
526 560 667 604 manum.
697 539 844 622 captiuus
858 539 955 604 Iason

179 621 363 686 Exclamat:
386 625 551 688 ‘succurre
566 619 692 706 Uenus,
709 623 857 687 succurre
872 622 1021 710 Cupido„

125 780 128 783 ,
179 705 249 770 lam
263 705 378 788 ferior,
394 705 507 770 Medea
520 706 624 771 ferit!
654 707 700 771 sic
714 706 810 771 fatus.
838 710 872 771 at
886 707 940 772 ille

112 789 193 853 2201
241 811 279 854 ea
294 789 417 854 sidereo
433 790 599 874 componit
613 791 736 875 spicula
750 813 866 875 neruo,

215 874 270 938 isit
283 873 495 939 arundineum
509 896 567 958 per
581 875 728 939 flammea
744 897 864 940 cornua
878 875 1014 958 ferrum,

180 957 321 1023 Stridula
335 958 401 1022 tela
412 959 543 1023 nolant:
566 960 707 1043 rapiunt.
716 958 903 1044 praecordia
917 959 1076 1044 flammas,

179 1041 285 1107 Corda
300 1043 407 1107 calent
421 1042 569 1126 oculique
584 1043 710 1128 labant,
726 1043 865 1128 suspiria
878 1049 1047 1130 rumpunt,

178 1125 323 1192 Marcida
336 1125 506 1192 funereum
520 1127 643 1192 laxauit
657 1127 787 1192 dextera
803 1127 935 1193 ferrum.

111 1225 165 1272 225
178 1210 240 1276 Sed
255 1211 364 1276 nutrix
378 1211 495 1276 mirata
509 1233 616 1276 moras
638 1211 706 1276 ‘dic
726 1212 820 1296 uirgo
833 1212 910 1296 quid
924 1212 1075 1277 haeresl’

177 1295 328 1378 Increpat
342 1301 432 1361 ‘ecce
446 1295 517 1359 feri.
544 1296 644 1359 fibrae
658 1317 694 1359 ra
717 1295 825 1360 iantur
839 1299 872 1359 01
887 1299 975 1378 exta,

179 1378 370 1444 Oonsultum
386 1379 439 1443 det
453 1378 521 1444 fata
535 1380 631 1444 iecur.
701 1380 777 1444 adea
792 1379 949 1444 moraris?
1040 1399 1048 1406 ·

179 1463 372 1529 Occidimus.
402 1463 557 1546 torpescit
571 1464 657 1528 iners
672 1463 817 1528 antistita
834 1461 981 1528 Phoebes

176 1547 341 1613 Permixta
356 1547 479 1631 pallore
494 1549 627 1632 rubens,
642 1570 710 1612 non
725 1548 848 1612 lumina
862 1548 983 1626 uihrat,

110 1645 164 1694 200
175 1632 254 1697 Non
269 1632 349 1696 furit
362 1635 419 1696 aut
432 1632 562 1696 tremuli
575 1632 712 1697 strident
725 1632 761 1695 in
776 1651 938 1697 murmure
954 1634 1074 1698 dentes.

177 1715 244 1782 Our
257 1715 419 1781 homicida
432 1737 528 1780 uaeas
542 1721 576 1780 et
589 1721 654 1782 stas
669 1717 747 1780 rea?
774 1716 829 1780 sed
844 1737 899 1780 rea
912 1737 981 1780 non
996 1738 1029 1780 00

177 1799 212 1866 Si
226 1801 326 1866 fueris
341 1799 502 1865 homicida
516 1800 630 1886 magis.
660 1822 717 1865 cur
732 1800 872 1884 explicat
888 1804 975 1866 artus

175 1887 245 1950 Aut
258 1885 365 1969 tangit
379 1906 437 1949 cur
451 1906 544 1968 saepe
560 1890 672 1969 caput,
689 1884 767 1970 quid
781 1885 883 1983 spirat
896 1884 1004 1950 hiatus
1035 1947 1036 1950 ,

176 1969 250 2034 Oris
266 1975 299 2034 et
314 1968 354 2032 ad
368 1991 484 2033 zonam
500 1969 595 2055 digiti
609 1971 784 2035 mittuntur
797 1969 960 2034 mermes?

110 2065 161 2113 205
174 2058 228 2118 An
243 2074 357 2138 magus
373 2057 421 2118 est
435 2054 540 2137 pirata
553 2055 662 2118 iacens
677 2059 711 2119 et
725 2075 815 2118 saera
829 2053 954 2118 Dianae

175 2137 340 2202 Murmure
355 2137 492 2202 sollicito
507 2137 659 2221 prohibet
673 2138 833 2220 soluitque
848 2137 1045 2220 profanusl'

174 2221 309 2286 Dixerat
323 2225 356 2285 et
369 2221 513 2305 gladium
528 2221 656 2286 dextrae
670 2222 844 2285 reuocabat
858 2221 955 2284 inerti

174 2307 278 2390 Impia
293 2307 396 2389 turpis
411 2327 502 2372 anus.
532 2327 642 2371 rursus
657 2304 837 2370 conclamat
850 2303 961 2369 Iason:

175 2389 425 2472 ε11101110110000,
440 2411 547 2474 paroc,
562 2390 681 2476 iugulis
693 2389 776 2454 male
786 2410 896 2453 mucro
908 2389 1071 2454 minatur.’

109 2487 161 2535 240
172 2475 329 2539 Ρ1000100
345 2474 477 2538 subrisit
490 2477 594 2540 Amor
607 2495 779 2558 rursusque
789 2474 929 2558 ‚sagittas
1041 2483 1046 2492 ’

173 2559 255 2623 10011
269 2565 302 2624 01
316 2557 457 2622 ardentis
471 2559 622 2624 nutantia
636 2558 732 2623 cerda
746 2557 872 2642 fatigat.

172 2646 310 2708 Aestuat
324 2642 448 2708 interea
462 2645 559 2708 sacris
573 2644 710 2727 repetita
725 2643 870 2707 sacerdos
1086 2675 1119 2724 [p.
1132 2669 1167 2721 8⁶1

172 2727 189 2791 Ι
240 2728 319 2792 'bus
350 2727 478 2792 effatur:
504 2731 588 2793 ‘non
603 2732 653 2792 est
666 2727 746 2792 haec
762 2727 894 2792 uictima
908 2727 1014 2814 digna.

206 2834 250 2877 on
264 2815 351 2877 torta
365 2811 488 2876 ceruice
503 2812 601 2896 iacet,
617 2813 700 2876 male
714 2812 768 2896 pal
792 2815 852 2876 itat
867 2816 971 2896 artus,

108 2908 158 2958 245
170 2896 279 2981 Erigit
293 2897 465 2979 impatiens
482 2899 514 2960 et
528 2895 653 2961 saucius
670 2900 745 2961 ante
761 2834 919 2980 dolorem,

172 2979 337 3064 Sanguine
346 2980 489 3044 membra
498 2984 618 3045 carent.
638 2981 777 3044 iamnon
789 2980 968 3046 erithestia
979 2983 1071 3065 grata

174 3171 224 3220 215
247 3167 350 3220 Reddet
377 3174 405 3220 01
430 3169 549 3234 incipies
575 3184 643 3222 corr.
667 3167 764 3220 Bacch.
850 3170 900 3218 226
927 3167 1072 3231 rapiuntur

105 3235 420 3305 0000300011100010
492 3234 947 3302 221(100001110000000110οη1
1020 3235 1070 3284 228
1147 3289 1150 3295 y

105 3305 224 3368 tepescit
256 3305 373 3369 tepescit
390 3321 406 3370 γ
425 3321 494 3355 corr.
513 3303 610 3356 Bacch.
626 3303 630 3367 Ι
646 3303 719 3354 01010
735 3299 741 3367 Ι
755 3301 877 3353 Antistia
945 3304 995 3353 230
1018 3306 1071 3352 tre-

104 3371 187 3422 mulis
267 3375 316 3423 231
340 3371 386 3422 sed
411 3378 469 3424 stas
492 3387 561 3422 corr.
584 3371 680 3421 Bacch.
766 3372 815 3420 232
837 3368 920 3422 fueris
942 3386 1011 3420 corr.
1036 3385 1071 3420 ex

105 3439 189 3490 100011
258 3441 308 3492 231
327 3440 420 3491 iacens
439 3455 508 3491 corr.
528 3455 563 3490 00
581 3453 681 3489 000000
752 3439 802 3490 237
820 3437 901 3488 010011
969 3439 1019 3488 246
1036 3438 1069 3498 cs.

106 3506 255 3558 00001819

833 3589 867 3641 61
