2610 3946
460 261 696 316 SATISFAOTIO

209 412 256 478 Ut
270 413 357 477 canit
371 413 411 476 ad
425 411 563 498 populos
577 413 698 497 pagina
712 417 822 478 sancta
837 415 896 498 dei,

165 497 337 582 Sacrilegis
352 497 494 562 referens
510 497 659 562 caelestia
673 498 744 560 iura
759 500 895 563 cateruis

209 581 341 647 Cinctus
356 582 533 665 apostolica
548 581 759 665 discipulante
773 605 880 647 manu.

90 680 148 730 155
165 667 286 732 Nonne
302 665 352 729 dei
367 669 538 749 praecepta
552 665 667 730 iubent
680 687 721 729 ne
736 667 785 730 sol
801 666 894 732 eadat
910 668 1034 732 intrans

209 751 371 814 Irascente
386 750 449 814 alio
465 750 520 814 sed
534 750 607 834 pius
623 754 710 814 extet
723 750 845 815 homo?

164 834 235 899 Rex
251 834 456 898 inimieorum
470 833 590 919 iugulis
604 855 758 899 mucrone
772 836 917 918 pepercit

207 917 316 983 Dauid
330 922 362 982 et
376 918 429 981 hio
444 918 572 982 sceleris
588 922 692 982 certus
708 918 833 983 adulter
847 920 947 984 inest:

166 1001 341 1068 Confessus
355 1001 482 1066 facinus
500 1003 626 1066 ueniam
640 1025 699 1086 pro
716 1002 805 1068 clade
820 1009 961 1068 meretur

93 1101 153 1150 160
210 1085 243 1152 N
245 1087 336 1150 oxius
351 1086 482 1169 impune
497 1087 550 1151 uel
565 1087 633 1150 sine
648 1091 752 1151 morte
767 1109 850 1152 reus,

164 1170 302 1253 Insuper
317 1174 349 1234 et
364 1169 518 1235 Salomon
533 1171 642 1235 cadem
657 1172 792 1236 muliere
807 1176 933 1237 creatus

210 1253 298 1329 Quae
313 1255 415 1319 scelus
430 1255 571 1318 ammisit
585 1276 701 1318 munus
715 1255 848 1320 honoris
863 1257 973 1321 habet:

165 1337 199 1402 N
201 1359 244 1402 on
258 1339 296 1401 fit
310 1338 490 1403 Abessalon
504 1339 598 1403 heres
613 1339 652 1402 de
668 1339 805 1423 coniuge
819 1342 924 1421 natus,

210 1421 273 1486 Sed
288 1423 416 1487 sceleris
430 1423 554 1487 fructus
569 1426 695 1507 sceptra
708 1427 843 1506 paterna
857 1426 956 1487 tenet.

96 1518 153 1568 155
166 1505 252 1571 Ecce
267 1506 344 1590 quid
358 1508 517 1590 impendit
530 1508 615 1591 patri
630 1507 801 1571 clementia
814 1529 948 1591 parcens

209 1589 256 1654 Ut
269 1591 331 1655 sibi
346 1612 448 1676 regna
462 1590 552 1655 daret
566 1595 604 1656 ut
618 1592 708 1656 daret
723 1595 755 1655 et
770 1592 884 1656 suboli.

165 1674 240 1758 Ipse
255 1675 459 1740 inimicorum
474 1674 630 1740 Salomon
644 1697 712 1740 non
727 1672 811 1740 colla
824 1676 973 1759 poposcit

209 1757 296 1823 Dum
310 1763 434 1842 peteret
448 1759 624 1843 dominum,
640 1760 695 1823 sed
710 1759 863 1842 sapientis
879 1781 992 1843 opem:

165 1841 285 1911 Extitit
298 1843 352 1907 hic
366 1843 507 1927 prudens
522 1845 599 1927 quia
613 1844 719 1909 noluit
735 1865 802 1908 esse
818 1847 968 1909 cruentus

98 1939 153 1989 170
210 1926 430 2012 Pacifiousque
445 1929 508 1993 fuit
521 1928 711 2013 consiliique
723 1933 830 1994 terras.

167 2010 222 2077 Ste
246 2011 350 2076 hanua
361 2016 436 2076 ante
452 2013 533 2077 alios
548 2013 691 2096 lapidum
706 2015 765 2078 sub
777 2013 934 2098 grandine
946 2017 1069 2096 martyr

242 2096 365 2160 ostibus
381 2097 494 2161 orabat
509 2101 624 2180 sponte
640 2099 705 2161 suis
720 2099 859 2162 ueniam.

165 2178 255 2244 Haec
269 2180 356 2244 bona
370 2181 558 2264 simplicitas
572 2185 714 2264 praestat
728 2181 837 2244 ieiuna
852 2181 990 2244 cruoris:

210 2262 271 2328 Uir
285 2266 354 2329 sine
369 2270 472 2329 morte
487 2285 602 2350 gerens
617 2264 665 2327 nil
679 2264 778 2328 habet
791 2265 859 2412 ipse
874 2263 971 2327 necis.

100 2359 152 2410 175
168 2347 287 2413 Caesar
300 2350 419 2432 ubique
433 2353 549 2432 potens
563 2349 649 2413 hosti
664 2352 739 2432 post
752 2349 805 2413 bel
818 2370 838 2412 a
851 2347 1006 2432 pepercit,

209 2432 255 2496 Et
267 2435 353 2516 quod
369 2437 438 2498 5151
451 2435 542 2519 peius
558 2434 638 2498 ciuis
654 2437 687 2497 et
700 2432 803 2497 hostis
819 2437 902 2496 erat:

167 2515 290 2600 Sponte
304 2517 491 2583 facultatem
506 2518 676 2582 redhibens
691 2516 854 2601 reparauit
867 2515 1017 2598 honores,

210 2599 289 2666 Inde
304 2606 438 2667 5555155
453 2603 521 2667 abit
535 2602 651 2688 dignus
666 2601 789 2666 honore
805 2600 865 2665 dei.

97 2807 266 2869 interpolatis
286 2810 386 2874 tepitur.
423 2810 541 2858 uidentur
564 2815 645 2858 autem
666 2808 726 2872 posit
747 2809 811 2857 duno
833 2823 931 2858 uersum
951 2807 1071 2856 nonnulla
1119 2791 1124 2808 ⁸

96 2874 226 2937 periisse,
249 2890 306 2924 nam
327 2877 353 2924 in
370 2875 532 2940 sequentibus
553 2875 705 2926 dectracto
727 2877 812 2937 rapitur
882 2872 1070 2934 1555111111-

98 2944 151 2990 lam
169 2941 205 2990 ad
222 2940 403 3006 55155115
421 2943 586 2992 Dracontium
602 2945 629 2996 d.
647 2945 695 2992 deo
714 2941 755 2991 lIl
774 2943 824 2991 599
893 2941 941 2990 157
959 2937 1070 3004 populis

98 3009 253 3072 interpolati
274 3015 300 3058 51
322 3010 451 3060 ,41555151
537 3011 585 3059 160
610 3023 671 3058 reus
697 3025 733 3058 111
758 3009 920 3072 interpolatis
942 3009 1071 3056 Armatus

97 3077 238 3138 suppleuit.
260 3078 370 3140 spatium
387 3093 450 3127 uero
467 3079 493 3126 in
507 3076 632 3126 Uaticano
650 3078 737 3126 codice
755 3077 855 3126 uidetur
873 3076 1070 3136 155511115115,

99 3155 157 3190 5511
178 3143 389 3206 interpunctionts
412 3151 472 3194 nota
498 3161 548 3210 qua
570 3144 680 3193 disticha
701 3146 802 3207 stuprata
823 3145 989 3192 terminantur
1009 3146 1071 3202 port

99 3212 255 3260 1551151151
273 3213 448 3276 conspiciatur
517 3212 565 3260 162
584 3211 695 3260 admisit
717 3213 810 3260 edttam
879 3209 927 3257 169
946 3207 982 3256 511
999 3221 1069 3256 5511.

100 3277 241 3328 Arctantur.
270 3285 330 3328 51111
345 3279 453 3330 autenti
468 3286 493 3328 et
511 3294 523 3329 s
541 3280 632 3330 literae
650 3280 814 3342 dtsficitttmae
831 3276 952 3326 distinctu
1022 3273 1071 3325 165

98 3345 192 3408 patris
209 3345 243 3408 ef.
257 3362 282 3400 n.
297 3346 345 3396 191
416 3348 464 3396 166
481 3352 512 3396 ut
529 3346 583 3396 eibi
601 3361 686 3410 regna
705 3345 783 3394 daret
801 3347 830 3394 51
845 3342 895 3393 sub
914 3341 976 3392 111]ιί1
992 3345 1068 3392 ultra.

98 3411 154 3461 cdd.
173 3413 209 3462 ad
225 3430 248 3462 u.
267 3413 324 3464 160.
341 3417 374 3463 51
393 3413 472 3465 daret
489 3418 518 3464 et
541 3413 630 3463 soboli
650 3414 777 3462 Armatur
799 3409 912 3461 restituit
934 3425 969 3459 111
991 3413 1070 3458 11151-

98 3479 196 3543 polatis
265 3481 427 3532 1741515115
446 3483 596 3544 interpolati
613 3487 639 3531 et
656 3482 784 3530 Armatur
854 3479 902 3528 177
921 3476 1070 3527 redhibens

100 3547 215 3611 parauit
231 3563 300 3602 5511.
320 3549 449 3600 1115551111
513 3549 561 3598 178
579 3548 639 3599 obit
656 3548 737 3597 diuus
758 3547 896 3612 proposuit
912 3544 1009 3598 Baectt.
