2576 3936
417 240 460 289 111
479 242 519 290 19.
538 242 570 290 ‘20
599 239 637 290 IV
657 242 738 291 1—53

158 389 260 455 Sibila
274 388 446 452 uibrabant
460 388 580 472 linguis
599 390 639 452 ab
654 388 749 453 dente
763 389 913 455 trisulcis,

118 531 122 538 .
158 473 277 539 Terror
292 475 361 536 erat
374 472 462 535 uisus
478 473 601 537 eunctis
616 473 804 557 sonitusque
820 473 1011 540 draconum:

109 571 141 620 25
157 558 246 634 Quos
261 557 409 620 manibus
423 555 530 620 ridens
546 557 718 640 compressi
732 559 886 640 paruulus
902 560 1021 623 ambos.

157 642 203 706 Hi
217 641 359 705 tribuere
372 640 452 704 mihi
466 641 606 723 primum
621 663 679 725 pro
695 645 798 706 morte
812 643 1027 727 triumphum,
1070 661 1101 709 o·
1114 661 1138 710 9]

158 726 204 790 Et
216 725 318 789 letum
322 774 331 808 ,
346 746 413 788 non
427 724 560 808 praeda,
576 725 624 789 fui
639 727 773 790 Iunonis
788 726 936 792 alumnis.

158 810 278 874 Hostes
293 809 400 872 deesse
415 808 496 871 mihi
510 809 576 872 dixi
590 813 664 892 post
678 809 763 874 belle
777 811 896 894 leonis,
908 819 911 824 '

161 893 264 969 Quem
279 892 370 957 nullo
386 913 539 956 mucrone
554 895 623 976 peti
637 915 696 959 nee
712 895 854 958 uestibus
870 895 945 959 ullis

110 992 144 1040 30
158 977 308 1061 lmplicui
322 977 424 1042 fretus
440 977 602 1060 manibus,
617 1000 677 1044 nec
692 1001 821 1043 maurus
836 979 876 1044 ad
891 980 994 1044 illum.

160 1061 259 1127 Cuius
273 1061 357 1144 pelle
372 1065 476 1145 tegor.
504 1083 592 1127 nunc
606 1062 734 1127 fortiter
748 1085 820 1127 ecce
835 1065 1009 1129 tabescens

160 1146 269 1210 Tertia
286 1146 369 1209 bella
383 1166 461 1230 gero
476 1167 557 1229 quae
573 1147 683 1211 caedes
698 1169 791 1232 passa
806 1152 988 1295 resurgunt.

159 1231 212 1294 En
227 1230 347 1294 totiens
362 1251 514 1313 percussa
528 1231 596 1295 lues
612 1233 714 1314 magis
730 1233 837 1296 extitit
851 1255 887 1296 ar
909 1254 965 1297 ens

159 1315 205 1378 Et
218 1335 384 1396 nunquam
401 1314 572 1378 sternenda
586 1316 685 1379 uenit.
715 1337 775 1399 pro
790 1316 858 1380 fata
872 1315 1022 1380 nefanda.

111 1411 144 1460 35
160 1398 299 1464 Uincere
314 1398 405 1481 peius
420 1399 495 1481 erit,
510 1399 650 1481 propriis
664 1422 740 1463 narn
755 1399 877 1463 uiribus
892 1400 904 1463 i
927 1420 960 1463 se

160 1483 349 1567 Impugnor.
380 1503 493 1545 saeuos
508 1483 634 1567 gladius
647 1483 729 1556 mihi
744 1485 888 1568 suggerit
904 1423 1027 1567 iiostis,

160 1566 238 1631 Non
253 1566 338 1648 repit
353 1587 424 1650 ecoe
439 1587 542 1649 meos,
558 1569 613 1632 sed
628 1569 751 1651 proelia
765 1569 852 1632 uicta
865 1569 1030 1633 reformet.

160 1650 234 1714 Huc
244 1653 425 1734 quicunque
435 1649 512 1714 deus
523 1651 623 1715 frater
632 1652 712 1715 mihi
724 1673 865 1716 summus
875 1651 1014 1736 Olympo
1026 1672 1060 1715 es

162 1734 235 1799 Huc
251 1733 325 1797 ades
340 1738 373 1798 et
386 1735 496 1798 miseri
510 1735 639 1800 tandem
655 1757 802 1801 succurre
817 1736 955 1819 periclis.

112 1832 146 1880 40
162 1817 225 1884 Sed
240 1839 357 1901 quaeso
373 1817 484 1883 uenias
499 1820 625 1884 soboles
640 1824 677 1884 ut
691 1820 781 1884 nulla
795 1842 970 1902 nouercae,

164 1902 317 1978 Quamuis
332 1903 376 1966 sis
390 1902 499 1967 frater.
529 1905 593 1968 iam
608 1908 644 1968 tu
660 1926 807 1969 succurre
822 1903 971 1969 Minerua

162 1987 379 2070 Bellipotens,
393 1987 516 2070 patrius
532 1990 583 2052 cui
599 1989 719 2054 casside
734 1990 879 2136 fulgurat
894 1990 1004 2070 ardor,

164 2070 252 2146 Quae
268 2071 371 2154 clipeo
386 2071 540 2136 rutilante
559 2078 667 2155 tonas,
688 2095 769 2156 quae
800 2074 923 2137 ulmina
937 2073 1061 2156 nibras‚

162 2155 298 2220 Pectore
313 2155 441 2219 saxifico
458 2157 510 2219 cui
525 2157 645 2221 militat
658 2157 758 2239 impia
773 2157 917 2239 Gorgon.

113 2252 146 2300 45
162 2239 358 2304 Intemerata
372 2261 464 2303 soror
479 2240 517 2302 de
532 2241 653 2306 uertice
668 2235 766 2304 inissa
781 2239 952 2322 Tonantis,

164 2323 280 2388 Sudori
294 2345 441 2387 succurre
457 2345 538 2388 meo.
569 2325 684 2407 quibus
699 2324 821 2388 artibus
836 2344 958 2408 angues

163 2407 377 2492 Extinguam,
395 2408 451 2491 qui
466 2412 580 2491 sponte
597 2412 713 2492 petunt
728 2408 889 2472 mucronis
904 2405 1063 2472 acumen?

164 2491 212 2556 Ut
221 2496 368 2556 crescunt
379 2493 583 2577 gaudentque
598 2495 681 2557 mori
691 2493 760 2556 fera
771 2491 867 2556 corda
877 2491 1062 2556 draconum.

165 2575 265 2641 Caesa
279 2577 407 2660 uigent,
425 2576 506 2640 alter
520 2578 623 2662 surgit
638 2577 676 2641 de
691 2577 824 2640 uulnere
840 2599 979 2660 serpens.

115 2673 149 2720 50
164 2659 344 2725 Consilium
358 2660 439 2724 mihi
455 2661 548 2746 uirgo
564 2661 665 2725 dedit:
687 2661 763 2746 quia
777 2683 888 2726 mucro
903 2662 1029 2725 laborat

163 2743 345 2827 Incassum,
361 2744 467 2829 gelida
483 2745 618 2809 flammis
635 2767 730 2810 exure
745 2767 872 2810 uenena

164 2828 208 2892 Et
222 2833 381 2910 praestem
393 2850 465 2893 cum
479 2833 583 2894 morte
594 2851 700 2916 rogos,
717 2834 814 2913 caput
825 2850 919 2894 omne
933 2834 1065 2912 perurat

163 2911 255 2996 Ignis
295 2912 374 2976 edax
418 2935 601 2998 anguesque
642 2919 784 2978 crement
810 2917 890 3061 fgost
928 2914 1064 2977 uulnera

834 3019 967 3062 ammae.

169 3253 203 3300 24
224 3251 323 3302 Terrot
399 3254 431 3301 27
454 3252 540 3316 preda
620 3255 653 3304 30
676 3268 787 3304 maurus
809 3254 971 3315 corruptelae
992 3251 1064 3315 signo

99 3324 205 3370 notatur
284 3321 316 3370 31
339 3320 485 3370 tabescent
504 3319 600 3369 Buecla
622 3326 687 3374 com',
707 3321 853 3371 labascens
933 3321 965 3368 33
984 3318 1064 3369 luens
1087 3337 1095 3349 ·

98 3390 133 3438 36
152 3386 261 3450 gladios
280 3402 348 3437 corr.
361 3386 458 3436 Bueclr.
518 3389 551 3438 38
569 3387 620 3438 hoc
635 3385 638 3450 l
653 3391 733 3452 pater
744 3387 811 3436 mihi
823 3401 943 3436 summus
956 3385 1065 3450 olympo

100 3469 130 3506 es
148 3467 219 3503 corr.
240 3455 336 3504 Boert.
405 3456 439 3504 40
460 3469 545 3518 queso
614 3457 821 3505 511noasum
889 3454 921 3504 52
944 3459 1064 3518 prestem

100 3522 205 3573 &leodi
220 3523 293 3587 signo
311 3537 324 3570 r
341 3523 418 3571 litera
435 3524 538 3572 notula'
589 3529 651 3586 post
668 3524 701 3572 63
719 3523 810 3588 legitur
832 3515 920 3579 Τέλος
