2610 3946
562 205 588 256 x
608 209 740 260 1ro-1sa
902 283 905 290 A
1090 209 1133 276 65

230 355 399 440 Adprobet
413 355 474 420 hos
489 377 581 420 arcus
596 355 744 422 dominae
764 357 836 440 plus
850 379 944 440 posse
960 359 1130 443 pharetris.

190 513 195 519 ¹
230 439 380 524 Namque
395 439 502 504 Diana
515 439 599 505 feras
606 490 615 523 ,
631 461 742 506 ceruos
757 445 790 504 et
804 441 902 524 figere
918 443 1060 509 dammas

163 535 217 586 155
229 524 380 590 Adsolet':
402 523 465 593 hoc
479 523 580 590 telum
594 545 686 608 reges
701 530 733 590 et
746 526 882 590 numina
895 527 993 612 figit’

234 607 393 684 Quattuor
407 609 531 674 interea
545 607 656 673 niueas
672 609 796 682 adstare
811 611 974 676 columbas

235 692 349 778 Cyprio
365 714 501 758 amoena
514 693 604 758 iubet
609 743 619 777 7
636 693 737 758 roseis
751 693 921 758 frenantur
935 697 1061 780 abonis,

235 777 378 845 Candida
392 778 536 861 puniceis
552 777 733 842 subduntur
747 777 831 842 colla
847 780 977 862 rosetis,

233 861 319 926 Nam
329 863 405 946 iuga
414 865 663 944 sunteompacta
673 863 765 946 rosis,
776 862 957 928 fertdextra
967 864 1131 948 flagellum

168 959 221 1009 160
234 945 383 1030 Purpura
397 947 483 1029 quod
497 945 605 1010 mollis
619 947 726 1012 tenuis
742 946 829 1030 quod
843 948 961 1013 sericus
977 954 1080 1014 ornat.

233 1031 304 1095 lam
318 1031 450 1096 uolueer
465 1029 652 1098 conscendit
666 1052 741 1096 aues
757 1035 789 1096 et
804 1030 924 1097 blanda
938 1033 1015 1097 uolu
1038 1038 1088 1098 tas

232 1115 264 1180 It
278 1136 394 1198 comes,
411 1115 577 1199 amplexus
588 1116 733 1198 ueniunt,
750 1115 954 1200 Hymenaeus
970 1055 1129 1200 adhaeret,

233 1198 359 1264 Gaudia
372 1203 583 1282 concurrunt,
599 1200 681 1264 risus
696 1203 793 1284 atque
808 1202 917 1266 oscula
930 1206 1081 1287 pergunt.

233 1283 319 1348 Nam
332 1284 409 1348 lieet
421 1283 539 1348 Idalias
554 1284 709 1347 sociarint
722 1285 815 1347 frena
829 1284 993 1350 columbas

169 1380 219 1430 165
230 1367 275 1433 Et
289 1369 416 1432 iunctae
431 1389 489 1450 per
504 1371 619 1432 cuncta
633 1367 760 1450 uolent,
782 1371 892 1432 tamen
912 1369 1050 1454 impiger
1065 1371 1130 1436 ales

231 1451 264 1518 N
265 1473 329 1516 unc
342 1451 425 1516 hanc
440 1473 526 1517 nune
541 1451 631 1516 illam
646 1451 763 1516 residet
777 1452 959 1536 gaudetque
974 1453 1097 1538 iugales

232 1536 302 1601 Iam
315 1537 458 1601 releuare
474 1558 546 1600 suas
562 1540 594 1599 et
608 1557 642 1601 se
656 1558 791 1621 pensare
806 1537 927 1601 uolatu.

233 1619 401 1686 Sublatam
417 1621 556 1703 propriis
571 1622 729 1704 persentit
741 1622 776 1684 in
791 1642 866 1685 aera
879 1621 989 1705 pinnis

233 1705 390 1790 Aurigam
406 1705 562 1789 quadriga
578 1704 708 1788 uolans,
723 1706 904 1789 iterumque
919 1706 1083 1772 columbas

170 1801 221 1850 170
233 1789 368 1873 Adpetit
382 1792 414 1852 et
427 1789 587 1872 pharetris
603 1789 737 1854 conlidit
751 1789 845 1856 dorsa
859 1791 1036 1856 uolantum.
1088 1791 1090 1796 ’

232 1873 386 1940 Nondum
400 1895 458 1955 per
469 1871 634 1957 Scythicas
649 1874 767 1958 glacies
777 1877 840 1940 stat
854 1875 990 1951 barbara
1002 1875 1130 1942 Colchis

233 1958 289 2024 Set
303 1959 367 2022 iam
381 1957 496 2022 bruma
509 1958 618 2042 rigens
634 1959 747 2024 Arctoi
761 1959 884 2023 tristior
899 1961 967 2024 axis

232 2043 395 2126 Torpebat
410 2047 556 2108 concreta
570 2042 659 2126 gelu,
676 2044 703 2107 it
716 2044 868 2126 pinniger
883 2044 1003 2125 audax,

232 2127 277 2192 Et
291 2127 394 2211 magis
409 2148 538 2191 accessu
551 2128 643 2210 pueri
657 2127 755 2210 plaga
769 2131 891 2190 maesta
905 2132 1032 2192 serenat
1079 2155 1086 2166 “

172 2223 221 2272 175
233 2212 420 2276 Aduentum
434 2214 551 2275 testata
566 2210 632 2293 dei,
649 2233 725 2275 mox
739 2213 823 2274 tetra
837 2209 992 2294 fugantur

233 2296 367 2379 Nubila,
383 2295 545 2360 caeruleos
560 2295 701 2360 excludit
714 2294 892 2378 flammiger
907 2294 1034 2360 imbres.

233 2379 338 2464 Impia
352 2381 416 2444 iarn
432 2379 562 2444 Colchis
577 2380 641 2444 iam
657 2379 783 2443 saeuior
798 2401 853 2442 ara
867 2377 991 2444 Dianae

234 2465 393 2549 Coeperat
408 2463 549 2546 ostendi,
564 2464 628 2528 iarn
643 2467 721 2528 tunc
734 2463 907 2527 mandante
922 2468 1060 2546 tyranno

233 2549 317 2614 Ecce
331 2549 518 2614 trahebatur
533 2570 591 2613 eeu
605 2553 716 2612 taurus
731 2548 864 2631 pulcher
880 2546 991 2631 lason,

173 2646 223 2696 180
236 2633 338 2709 Quem
353 2634 497 2718 sequitur
511 2632 624 2697 Medea
637 2653 758 2698 nocens
773 2637 952 2718 urguetque
967 2633 1133 2697 ministros

234 2717 267 2783 N
268 2721 365 2783 udato
381 2738 533 2783 mucrone
548 2717 667 2782 furens.
698 2717 830 2782 delubra
844 2717 996 2782 subibant

235 2803 367 2886 Iamque
382 2803 644 2886 propinquabant
660 2804 732 2866 aris.
763 2801 817 2866 sed
831 2823 953 2866 numen
968 2805 1132 2866 amantum
1147 2830 1177 2878 [p.
1191 2825 1228 2874 sa]

239 3092 288 3141 154
307 3091 420 3157 elligere
439 3107 508 3141 corr.
530 3090 624 3140 Bacch.
680 3092 726 3140 161
747 3106 813 3140 aues
832 3107 900 3140 corr.
918 3107 954 3141 ecc
972 3091 1032 3139 auis
1087 3090 1134 3138 165

170 3159 293 3208 uinctos.
329 3159 471 3225 iunctaep
542 3159 590 3207 167
609 3157 731 3208 uelatum
751 3175 819 3209 corr.
839 3158 934 3208 Bacch.
1005 3159 1054 3206 170
1071 3170 1135 3206 con·

169 3225 255 3276 cludit
272 3242 341 3276 corr.
360 3225 457 3276 Bacch.
529 3227 577 3276 172
595 3225 703 3276 Etiam
723 3243 791 3277 corr.
811 3225 907 3274 Bacch.
971 3225 1019 3274 173
1039 3229 1135 3276 coacta

170 3293 234 3358 gelu
257 3300 286 3344 et
309 3309 377 3347 corr.
397 3294 492 3344 Bacch.
581 3296 627 3344 177
651 3301 709 3344 ante
730 3293 839 3344 Colchis
863 3295 954 3342 literae
976 3294 1134 3354 conspiciun-

170 3368 213 3411 tur
235 3361 303 3412 coch
326 3364 374 3412 sed
394 3364 487 3412 lineola
511 3362 620 3412 obducto
643 3363 742 3412 deletae
824 3362 872 3409 179
896 3366 1044 3410 centaurus
1065 3375 1134 3410 corr.

170 3429 284 3546 Boeoti3
349 3429 398 3480 180
419 3429 562 3480 ministras
584 3445 652 3480 corr.
672 3429 768 3478 Bueela
791 3429 825 3490 cf.
849 3445 873 3476 u.
892 3430 942 3477 261
1024 3428 1071 3476 182
1094 3425 1133 3475 sic

169 3511 237 3548 corr.
284 3497 354 3546 cecla

222 3587 356 3628 Draconem
369 3588 481 3630 carmina.
916 3582 932 3630 t
