2610 3946
214 211 256 273 74
631 211 759 264 Manna
773 233 778 243 ·

278 361 385 428 Offero
401 360 573 444 sacrilegos
587 363 700 426 nostro
716 361 754 424 de
770 381 904 445 corpore
919 361 1042 426 fructus

213 459 263 508 430
273 435 325 512 Ne
339 445 444 531 prosit
456 466 604 529 peccasse
617 445 728 508 mihi.'
757 445 803 509 sie
817 445 886 510 fata
901 445 1047 511 sacerdos

278 531 444 615 Suspexit:
466 534 602 594 tonuere
617 529 701 612 poli,
716 549 776 594 nec
790 529 884 594 Luna
895 530 1023 595 uidetur

278 615 331 680 Sic
345 619 456 680 tauros
470 634 608 698 urguere
623 633 697 678 suos
712 613 768 678 sed
782 615 927 679 cursibus
943 619 1029 679 astra

276 700 293 765 I
317 700 393 765 nitis
408 721 564 783 responsa
579 699 707 763 dabant.
738 699 850 782 ganisa
864 699 1010 763 sacerdos

276 721 385 850 [ierat
400 783 439 848 ad
454 783 618 848 infernum
633 782 771 868 gemitus
786 803 959 868 regemque
974 783 1121 848 barathri

213 881 263 930 435
278 867 395 934 Secura
409 868 474 932 iam
489 888 569 931 uoce
583 868 647 932 ciet
661 867 838 950 Furiaeque
853 871 1016 951 precatur:

276 955 361 1018 ‘Iam
376 953 429 1034 pie
444 973 500 1016 rex
514 951 618 1015 Erebi.
628 953 683 1035 qui
698 952 902 1016 formidabile
916 973 1053 1036 regnum

276 1037 392 1101 Mortis
404 1036 512 1118 habes,
525 1057 620 1118 quem
632 1039 719 1101 terra
729 1037 855 1120 premit,
871 1037 927 1119 qui
937 1035 1052 1100 funera
1063 1037 1180 1100 mundi

275 1119 407 1203 Excipis
422 1123 455 1183 et
469 1120 569 1182 tantis
583 1141 651 1184 non
667 1121 775 1203 exples
790 1121 930 1186 luctibus
945 1120 1068 1202 aulam,

275 1204 499 1288 Anguicomae
513 1225 571 1268 uos
583 1204 794 1288 quoquedeae
804 1205 920 1288 quibus
931 1204 1049 1288 impius
1059 1203 1179 1270 horror

212 1300 263 1350 440
277 1289 398 1372 Turpia
412 1289 560 1372 uipereae
575 1287 756 1352 funduntur
770 1290 915 1354 membra
934 1293 1090 1372 cerastae,

275 1373 438 1440 Plurimus
454 1395 511 1439 ora
525 1374 608 1458 tegit
620 1375 764 1458 pendens
779 1372 818 1437 de
833 1373 952 1437 uertice
968 1394 1101 1456 serpens

275 1459 320 1523 Et
334 1459 465 1523 sinuant
480 1459 573 1523 orbes
587 1480 646 1541 per
659 1457 780 1542 pallida
794 1456 878 1522 colla
892 1456 1060 1522 dracones:

276 1542 311 1609 si
326 1543 474 1608 manibus
489 1541 610 1607 laniata
624 1542 704 1606 meis
719 1541 804 1606 mala
817 1542 950 1606 uictima
964 1544 1089 1606 uestros
1183 1555 1185 1559 “

276 1627 328 1691 Ad
343 1649 453 1699 manes
468 1627 618 1711 peruenit
631 1625 744 1709 homo,
760 1627 788 1690 si
802 1627 926 1690 uiscera
939 1627 1050 1692 matris

120 1730 123 1737 ·
212 1721 262 1771 445
275 1710 344 1779 Uos
359 1716 492 1797 propter
506 1710 655 1777 scindens
669 1710 817 1775 homines
832 1711 867 1774 in
882 1713 995 1775 uentre
1010 1712 1143 1795 neoaui,

275 1795 372 1860 Nunc
385 1800 512 1860 nostras
527 1796 634 1860 audite
648 1816 767 1880 preces
811 1798 964 1878 regnator
980 1795 1119 1878 Auerni,

277 1879 427 1944 Crastina
441 1901 513 1942 curn
529 1879 649 1943 Glauce
665 1880 774 1942 ueniet
788 1883 929 1962 nuptura
943 1879 1060 1942 marito
1068 1929 1076 1962 ,

275 1963 353 2028 Mox
369 1962 481 2027 Furias
495 1963 629 2026 admitte
643 1967 730 2046 tuas,
745 1968 916 2047 properate
932 1984 1057 2027 sorores

277 2047 457 2112 Tartareae.
487 2046 606 2130 Thebis
621 2047 739 2112 iterum
752 2048 818 2111 iam
832 2051 910 2112 nota
924 2051 1096 2132 geruntur,
1201 2071 1204 2076 ·

213 2143 264 2194 450
277 2132 418 2216 Currite,
432 2154 492 2230 per
506 2131 666 2198 thalamos
681 2132 826 2197 locastae
841 2131 941 2196 frater
956 2133 988 2196 et
1002 2131 1096 2196 heres

276 2216 456 2302 Coniungit
469 2220 588 2282 natam.
619 2217 788 2303 geneiraco
810 2221 859 2280 est
872 2219 988 2281 uestra.
1019 2216 1141 2280 dicabit

119 2329 152 2379 [p.
166 2329 200 2377 04]
277 2301 437 2366 Mortibus
452 2302 616 2386 impietas,
632 2301 765 2366 affectus
779 2299 894 2364 funera
908 2303 1081 2384 praestent.

278 2385 343 2451 Cur
363 2386 477 2450 mora?
506 2407 582 2450 nam
597 2385 681 2450 nihil
701 2388 751 2448 est
770 2385 857 2468 quod
871 2407 939 2450 non
959 2406 1011 2448 me
1027 2383 1181 2451 exaudiat

924 2491 979 2533 um
1003 2490 1085 2533 uam.

183 2609 188 2620 Ι
276 2553 458 2650 Uirginitas
474 2555 501 2618 si
516 2557 604 2618 casta
618 2555 739 2638 placet,
755 2553 893 2617 retinere
907 2490 1063 2636 puddrem

213 2649 263 2698 455
278 2636 313 2702 Si
326 2637 407 2700 lrbct
421 2641 455 2700 et
467 2658 645 2720 numquam
660 2638 811 2722 contagia
826 2637 944 2702 blanda
957 2637 1066 2702 mariti

279 2718 455 2804 Quaeritis,
471 2721 626 2803 innuptas
640 2724 776 2805 nuptam
791 2720 959 2786 exhorrete
975 2743 1110 2786 sorores.

279 2803 313 2869 si
328 2803 441 2868 Furias
456 2804 579 2869 saeuire
594 2827 709 2889 precor
722 2827 783 2870 nec
797 2811 912 2890 sponte
927 2807 1065 2890 nocetis,
1099 2883 1102 2886 ¹

277 2888 354 2953 Non
370 2889 445 2953 estis
460 2889 591 2974 Furiae,
607 2911 727 2955 nomen
741 2894 862 2955 mutate
878 2891 1067 2974 domosque,

227 2975 232 2979 ’
277 2972 394 3037 Ponite
410 2979 589 3057 serpentes,
606 2975 727 3040 alienas
741 2974 864 3040 reddite
878 2975 1023 3040 flammas

213 3070 264 3119 400
276 3057 320 3122 Et
334 3077 470 3142 puerum
486 3057 623 3123 Ueneris
638 3081 733 3143 quem
748 3060 812 3124 iam
827 3059 1004 3143 tempsistls
1019 3061 1153 3123 amate)

280 3231 329 3280 431
353 3245 407 3280 404
429 3245 489 3279 4440
512 3229 591 3294 polos
613 3232 682 3294 quod
700 3233 776 3294 posui
798 3233 929 3296 temptauit
950 3230 1047 3280 Bueelr.
1127 3232 1182 3282 434

213 3295 320 3344 baratri
385 3298 435 3348 436
453 3299 526 3348 malie
545 3297 630 3362 impie
645 3297 650 3362 l
665 3297 758 3349 herebi
826 3301 875 3349 441
895 3297 1059 3362 Plurimlsy
1128 3299 1181 3350 4⁶0

212 3361 340 3429 Ioehasle
396 3365 449 3414 451
468 3380 555 3429 genua
573 3371 616 3416 est
634 3382 703 3418 corr.
722 3367 818 3419 Bacch.
880 3368 930 3417 452
948 3368 1091 3430 praestant
1109 3381 1180 3420 corr.

213 3429 310 3478 Bacch.
378 3432 428 3480 453
450 3446 493 3481 me
516 3447 572 3483 non
595 3434 727 3483 exaudiat
788 3435 891 3498 4118οῙ.
911 3433 1065 3485 04044487
1126 3436 1181 3487 460

215 3499 307 3544 aetate
326 3497 367 3544 cui
383 3501 546 3560 corruptelae
565 3507 626 3550 nota
645 3501 734 3550 addita
752 3511 791 3552 cst
1151 3541 1154 3548 ·
