2576 3936
533 259 585 310 vn
607 261 732 310 se-rsa
1074 259 1115 324 29

219 409 388 493 Temporis
402 408 579 491 immodici,
596 429 656 474 nec
669 431 729 474 uos
743 409 874 505 impune
889 411 1008 474 tacetis.

219 492 329 560 Poena
344 498 474 558 estnon
489 493 593 557 leuior
608 494 699 558 uobis
715 496 879 577 quatiente
894 493 1026 578 pudore,

218 576 312 653 Quod
326 577 402 642 licet
417 577 567 662 exiguum
581 581 691 642 tamen
705 577 874 642 interium
887 583 1017 662 poetam

220 661 378 728 Temnitis
393 662 595 726 immemores
610 661 747 726 facunda
761 666 869 726 mente
883 663 988 745 periti.

158 757 206 806 126
223 745 307 822 Quid
321 746 453 830 prodest
467 767 609 812 seruasse
624 745 789 812 hominem
806 749 880 829 post
893 751 985 812 tanta
999 747 1119 830 pericla

218 831 263 895 Et
278 830 422 895 clausum
436 831 567 915 liquisse
583 831 637 894 diu
653 832 712 895 sub
728 830 816 895 clade
831 829 965 896 salutis?

222 914 254 980 N
257 937 299 980 on
314 916 398 980 male
413 916 546 998 peccaui
560 937 620 980 nec
635 937 690 979 rex
705 916 805 980 iratus
819 915 930 999 inique
946 919 1002 998 est,
1130 971 1133 978 .

222 998 284 1064 Sed
299 1000 384 1064 mala
398 1021 489 1063 mens
504 998 645 1065 hominis
666 1021 748 1083 quac
763 999 878 1063 detulit
894 1021 948 1064 ore
963 999 1106 1082 maligno

219 1083 265 1147 Et
279 1085 360 1148 male
376 1083 537 1168 suggessit
550 1089 629 1148 tunc
644 1088 676 1148 et
690 1106 763 1148 mea
777 1084 863 1148 facta
877 1084 1035 1168 greuauit.

161 1179 211 1228 130
225 1166 362 1232 Poscere
377 1190 473 1251 quem
488 1169 616 1232 ueniam
633 1168 747 1250 decuit,
763 1169 846 1232 male
862 1170 995 1234 suscitat
1008 1168 1071 1232 iras

222 1252 267 1315 Et
282 1253 448 1317 dominum
463 1272 635 1336 regemque
649 1254 740 1337 pium
755 1253 877 1317 saeuire
893 1253 1008 1338 coegit.

222 1335 253 1400 N
256 1359 308 1400 am
324 1337 402 1401 deus
417 1337 622 1420 omnipotens
639 1337 829 1420 compungit
843 1338 939 1402 corda
953 1336 1095 1420 regentis

224 1419 359 1495 Quando
374 1421 464 1485 iubet
476 1420 597 1504 pietate
613 1443 670 1484 sus
685 1421 876 1502 ueniamque
892 1421 1021 1485 relaxat.

224 1507 270 1569 At
284 1527 356 1570 cum
373 1506 453 1569 liber
468 1527 522 1570 ero
539 1504 670 1570 domino
685 1505 873 1590 ignoscente
887 1505 1044 1587 reductus,

164 1601 212 1651 135
227 1589 314 1654 Dum
330 1593 415 1654 tacet
430 1612 465 1654 os
480 1594 697 1654 uestrumnec
711 1611 771 1654 nos
786 1611 933 1655 sermone
947 1589 1075 1670 iuuetis

224 1673 369 1738 Nomina
383 1678 491 1738 uestra
505 1697 578 1739 reor
592 1675 764 1758 preeoonie
777 1673 868 1738 nulle
881 1675 1067 1738 manebunt.

227 1756 290 1822 Sed
304 1781 346 1823 ne
361 1763 482 1823 maesta
497 1778 616 1823 canens
631 1758 802 1824 concludat
816 1779 944 1823 carmen
960 1756 1087 1839 amoris,
1134 1779 1165 1832 [p.
1178 1777 1211 1831 ει]

226 1842 307 1906 Post
321 1843 399 1908 haec
415 1847 491 1918 uota
505 1865 622 1925 parens
637 1842 714 1926 quid
729 1843 772 1907 sit
785 1842 911 1908 factura
924 1841 1040 1923 Dione,

226 1925 407 1992 Murmuret
422 1928 619 2012 catechum,
636 1928 764 1994 Carales
779 1949 851 1992 cum
867 1927 1009 2011 coeperit
1022 1925 1078 1989 iri:

164 2023 214 2072 140
228 2011 360 2076 Aeolias
374 2013 463 2095 petet
477 2012 535 2076 ille
549 2014 660 2077 domos
676 2013 802 2078 aditura
816 2017 990 2096 tyrannum

225 2094 271 2160 Ut
286 2097 393 2160 frenet
407 2100 523 2160 uentos
538 2102 571 2161 et
586 2098 713 2162 caerula
726 2119 887 2162 marmora
901 2095 1021 2178 tendat,

224 2178 356 2246 Mollior
370 2203 448 2246 aura
462 2203 573 2245 means
592 2185 719 2246 tantum
735 2183 821 2246 bona
835 2181 970 2245 flumina
983 2180 1100 2260 mittat,

230 2262 277 2328 Ut
290 2265 368 2329 ratis
383 2265 554 2330 incolumis
570 2263 743 2330 Sardorum
757 2264 868 2328 littora
881 2267 1003 2347 tangat.

231 2346 262 2412 N
265 2370 300 2414 ec
315 2355 415 2434 negat
429 2349 509 2414 haec
531 2349 632 2414 Eolus
648 2347 829 2414 Uenerisuu
842 2349 914 2412 iura
928 2345 1067 2431 nogenti.

170 2444 218 2492 145
235 2432 349 2517 Cyprio
363 2435 398 2498 in
415 2439 531 2498 ornatu
545 2434 681 2499 ueniens
695 2434 778 2498 freta
792 2433 907 2517 glauce
921 2435 1066 2516 uagatur,

233 2515 314 2581 Cum
329 2519 436 2604 pelagi
451 2518 612 2602 Nymphis
626 2519 721 2584 ibunt
735 2518 878 2582 Tritonia
893 2516 1015 2581 alumni

231 2601 405 2666 Nereidum
420 2607 589 2686 spumante
605 2602 703 2668 choro
719 2602 900 2686 Phorcique
915 2601 1047 2666 clientes

234 2685 379 2771 Gurgitis
394 2689 543 2770 aequorei
558 2689 661 2770 pisces
676 2688 830 2752 immania
844 2692 912 2752 oete
931 2739 933 2743 .

233 2769 277 2835 Et
291 2793 510 2856 quaecumque
525 2772 629 2836 latens
645 2777 754 2857 surget
769 2772 807 2836 de
822 2772 973 2836 fluctibus
986 2767 1059 2832 imis

171 2865 220 2915 150
235 2854 337 2919 Belua
351 2857 503 2921 terribilis
519 2878 658 2920 summas
673 2857 791 2942 gestire
805 2879 863 2941 per
877 2854 989 2934 undas,

234 2939 323 3004 Inter
338 2963 417 3024 quas
433 2940 584 3024 delphine
600 2941 712 3004 sedens
729 2940 863 3004 Galatea
876 2938 995 3004 minaci

233 3021 421 3107 Neptunum
438 3025 610 3108 perfundet
624 3026 716 3108 aquis
730 3031 861 3089 rorante
876 3025 1008 3104 fluento,

232 3107 290 3172 llle
307 3114 403 3192 eaput
417 3110 613 3193 barbamque
629 3111 691 3174 ciet
705 3109 829 3174 ridente
844 3109 961 3175 Diones

236 3281 284 3328 122
301 3283 411 3343 spatium
432 3297 481 3331 reon
499 3283 620 3332 relictum.
650 3284 778 3346 arrppleuit
795 3281 891 3330 Bueclr
963 3276 1010 3325 129
1033 3275 1095 3326 fat&

167 3345 216 3394 132
235 3355 401 3413 compunget
419 3348 598 3399 ουν·1·.Βηε<·Ιι.
671 3352 718 3400 137
738 3364 787 3398 nec
862 3349 909 3397 142
928 3346 1028 3396 mictat
1087 3340 1136 3394 146

165 3411 296 3464 Tritones
314 3431 383 3465 corr.
403 3417 497 3466 Bueet.
580 3417 630 3466 148
648 3425 728 3483 caete
798 3418 845 3465 149
865 3418 900 3464 At-
925 3412 930 3478 Ι
958 3411 1047 3477 surgit
1064 3425 1134 3462 corr.

165 3476 262 3536 Bueel.
337 3486 384 3534 150
408 3485 490 3534 Bella
568 3487 614 3534 151
639 3476 738 3534 deliine
826 3486 874 3533 153
898 3484 952 3532 ciet
975 3480 1050 3545 quusi
1077 3493 1135 3530 cor·

165 3552 282 3612 ruptelue
299 3553 371 3614 apro
390 3558 501 3600 notatum
