2576 3936
187 189 229 252 32
594 191 744 242 HELENA

253 339 317 404 Pro
333 340 446 404 matris
461 339 603 404 thalamo
620 361 739 422 poenas
755 339 907 422 dependit
922 339 1076 405 Achilles.

204 436 237 485 50
255 423 349 489 Unde
364 424 445 488 haec
460 446 556 488 causa
571 423 658 488 fuit?
681 423 792 488 forsan
807 423 1015 488 Telamonius
1030 426 1115 490 Aiax

254 507 416 574 Sternitur
430 509 571 572 inuictus
587 507 673 592 quod
687 511 789 572 mater
803 507 927 572 reddita
940 529 1009 574 non
1023 512 1074 573 est
1142 513 1145 518 ’

253 592 396 658 Hesione
410 592 553 657 Priamo:
573 593 618 658 sic
634 595 683 656 est
698 592 772 656 data
787 613 884 656 causa
898 593 1039 676 rapinae.

255 676 321 742 eur
336 681 449 762 gentes
465 675 605 742 cecidere
624 677 729 759 simul,
745 698 802 740 cur
817 699 910 740 sexus
925 681 1061 761 uterque

256 759 420 844 Concidit,
436 761 555 825 infanti
570 761 678 826 nuilus
693 765 768 844 post
781 761 867 824 bella
880 761 1047 844 pepercit?

206 856 238 905 55
257 844 310 910 Sic
324 845 419 910 dolor
434 846 578 931 exsurgit
592 846 718 926 diuum,
734 845 779 909 sic
794 846 842 910 ira
857 845 1006 928 polorum

256 928 368 996 Saeuit
383 933 416 992 et
431 933 576 1000 errantes
588 929 663 993 talis
678 929 821 994 uindicta
836 929 984 994 coercet?

257 1013 467 1096 Compellunt
481 1013 596 1077 audere
613 1013 718 1077 uirum
733 1013 810 1096 fata,
826 1014 926 1096 impia
939 1013 1006 1078 saca

257 1097 346 1171 Quae
363 1097 448 1160 flecti
464 1097 657 1182 quandoque
671 1103 811 1182 negant,
827 1099 942 1181 quibus
958 1098 1055 1162 obuia
1067 1119 1163 1164 uum-

926 1204 1000 1246 uam

256 1265 320 1330 Res
338 1287 560 1350 quaecumque
575 1267 675 1348 uenit,
691 1266 762 1350 quis
778 1267 892 1331 semite
903 1204 998 1330 (dulia
1011 1272 1141 1332 tenetur

210 1363 244 1412 oc
262 1350 368 1415 Obuia
380 1351 456 1416 dum
466 1351 612 1435 ueniunt,
620 1353 735 1435 quibus
744 1351 852 1416 omnia
864 1349 971 1414 clausa
982 1356 1160 1434 patescunt.

109 1435 141 1490 p.
156 1433 190 1486 ³⁹1
261 1435 330 1499 Iam
346 1456 425 1520 grex
439 1435 597 1518 horretur,
613 1435 720 1500 fontes
735 1457 809 1499 casa
822 1456 940 1519 pascua
954 1435 1055 1500 siluae

260 1519 413 1584 Flumina
433 1541 509 1584 rura
522 1519 636 1605 pigent
650 1541 710 1586 nec
725 1520 832 1584 fistula
847 1519 948 1584 dulcis
963 1524 1098 1603 amatur,

260 1603 292 1668 N
294 1627 338 1669 on
350 1604 460 1687 placet
475 1602 608 1668 Oenone
624 1604 679 1669 sed
694 1604 758 1668 iam
772 1625 873 1687 prope
888 1605 993 1687 turpis
1006 1603 1144 1668 habetur

260 1687 310 1752 Ex
349 1710 391 1753 uo
407 1688 542 1771 pulchra
557 1688 669 1755 Uenus
684 1689 782 1752 talem
798 1689 947 1771 promisit
961 1689 998 1752 in
1011 1687 1069 1752 Ida

212 1784 244 1834 65
263 1711 375 1846 Qnaiie
390 1772 477 1836 nuda
490 1772 566 1836 fuit:
583 1774 680 1838 tatem
696 1773 762 1836 iam
776 1777 887 1856 pastor
900 1771 1041 1836 anhelat.

261 1853 401 1920 Sordent
415 1877 494 1920 arua
508 1857 578 1920 uiro
594 1861 669 1940 post
682 1857 788 1941 iurgia
811 1861 903 1922 tanta
917 1856 1057 1940 dearum,

261 1940 421 2023 Pergama
435 1940 504 2004 sola
518 1940 655 2024 placent,
672 1951 704 2006 et
718 1945 847 2006 moenia
861 1961 1012 2025 quaerere
1028 1940 1145 2006 Troiae

262 2024 355 2088 Mens
371 2027 404 2087 et
418 2023 486 2088 fata
501 2025 622 2090 iubent.
652 2026 795 2090 monitus
810 2025 901 2090 Paris
917 2025 1027 2090 omnia
1040 2028 1139 2090 norat

263 2108 417 2173 Blandita
431 2110 555 2174 nutrice
570 2132 660 2194 puer,
676 2132 740 2194 quo
757 2111 914 2194 sanguine
930 2114 1044 2192 cretus,

214 2206 247 2255 το
263 2193 325 2270 oui
332 2215 443 2278 genus,
450 2195 664 2279 undedomus,
674 2195 866 2279 rapiensque
875 2193 1168 2277 crepundiapastor

263 2279 441 2343 Troianum
456 2280 608 2363 carpebat
622 2281 692 2346 iter.
723 2280 777 2343 uix
793 2279 918 2343 uiderat
932 2299 1037 2342 arcem

264 2362 397 2445 Lassus,
414 2368 447 2427 et
460 2365 600 2428 intactae
615 2364 833 2446 procumbunt
847 2363 989 2428 culmina
1003 2362 1100 2426 turris

263 2447 406 2531 Ingemit
420 2450 453 2511 et
467 2448 574 2528 tellus,
587 2447 672 2512 muri
687 2469 760 2532 pars
775 2451 862 2514 certa
876 2451 1008 2532 repente

266 2531 416 2596 Concidit
431 2536 463 2595 et
478 2531 594 2595 Scaeae
609 2532 778 2597 iacuerunt
791 2533 904 2596 limina
918 2535 1039 2616 portae,

218 2626 250 2675 75
268 2614 359 2679 Tunc
375 2613 491 2678 Simois
506 2616 641 2680 siccauit
655 2637 764 2699 aquas,
780 2617 966 2699 crystallina
980 2615 1104 2680 Xanthi

266 2696 425 2761 Fluminis
440 2698 526 2762 unda
540 2700 642 2783 rubet,
659 2700 751 2764 sudat
765 2705 894 2784 pastore
909 2700 1092 2784 propinquo

267 2781 449 2846 Palladium
463 2782 517 2846 uel
532 2787 647 2866 sponte
662 2784 781 2849 cadunt
795 2783 966 2849 simulacra
980 2784 1157 2849 Mineruae.

267 2865 364 2931 Forte
380 2866 446 2931 dies
462 2867 626 2933 sollemnis
642 2873 710 2934 erat
725 2890 789 2953 quo
805 2868 962 2954 Pergama
976 2872 1082 2933 rector

272 3005 305 3055 49
325 3003 457 3069 dependit
474 3023 542 3056 corr.
561 3007 615 3056 IM
672 3011 704 3058 52
723 3009 790 3057 Esto
809 3023 842 3056 ne
862 3023 930 3056 corr.
942 3007 959 3056 Ι
965 3007 996 3056 Μ
1058 3007 1091 3056 53
1109 3019 1172 3055 cum

206 3087 287 3124 sexus
305 3087 373 3123 corr.
394 3073 448 3122 [Μ
492 3075 524 3124 54
542 3075 717 3140 perpepercit
764 3075 798 3124 66
817 3075 964 3125 coercitae
982 3075 1082 3124 uidetur
1099 3089 1170 3124 corr.

206 3157 242 3191 ex
261 3145 371 3191 coercet
389 3156 457 3192 corr.
477 3142 496 3191 I
500 3142 533 3191 M
576 3145 608 3193 59
627 3149 720 3192 tuetur
738 3142 834 3192 Bueclr.
852 3159 882 3195 m.
895 3143 934 3191 rh.
995 3143 1027 3190 62
1046 3145 1174 3192 armatur

206 3223 276 3257 corr.
298 3208 353 3257 IM
436 3211 468 3260 63
492 3225 611 3259 oenones
638 3211 693 3260 iam
725 3223 820 3274 prope.
857 3225 928 3274 quae
951 3209 1005 3258 iam
1032 3214 1174 3271 posuerunt

207 3273 225 3322 Ι
230 3273 262 3322 Μ
328 3276 360 3323 66
379 3276 468 3339 urigia
486 3293 521 3328 ex
539 3279 635 3341 uregia
653 3279 755 3328 uidetur
772 3283 913 3327 correctum
930 3292 999 3328 corr.
1016 3277 1034 3325 I
1039 3277 1070 3326 M
1139 3277 1174 3326 70

149 3349 152 3353 ·
208 3339 288 3403 Quod
307 3356 393 3405 genus
414 3343 464 3391 IM
531 3347 563 3395 73
583 3341 671 3408 certa]
696 3345 768 3395 malis
786 3361 836 3410 quo
854 3346 1028 3408 locuralr'qur'c
1044 3344 1173 3408 sipniflce-

209 3415 250 3456 tur
268 3424 354 3458 nornen
376 3411 509 3472 proprium
577 3413 611 3461 74
628 3410 732 3462 lumina
750 3428 821 3463 corr.
838 3411 856 3460 I
861 3411 893 3460 M
960 3413 993 3461 ⁷5
1016 3409 1174 3461 cristallina

208 3475 285 3523 xanti
332 3477 364 3524 ‘18
383 3475 510 3526 solemnis
528 3492 563 3526 ex
581 3477 723 3529 sollemnis
740 3495 834 3529 rasura
851 3484 969 3528 mrctatam
