2610 3946
512 203 538 252 X
556 205 690 256 acu-³65

182 355 333 440 Cingitur
348 356 381 417 et
395 356 503 437 postes
519 354 621 418 soceri
636 354 690 436 pia
705 357 790 418 serta
805 359 970 423 coronant.

181 439 259 504 Mox
273 439 433 503 thalamos
448 433 574 502 subiere
612 459 697 521 ares,
713 437 852 502 laetatur
864 437 962 504 Iason

181 523 327 610 Sponsus
343 526 375 588 et
389 523 425 586 in
440 522 551 587 castris
600 522 703 587 encris
718 521 833 586 Medea
849 523 1036 607 triumphat.

115 673 168 722 340
182 658 343 734 Quattuor
356 657 480 721 interea
494 655 644 722 Phoebus
659 659 860 742 transegerat
877 678 995 741 annos,

183 742 245 807 Sed
260 747 355 807 natos
369 741 483 805 Medea
497 740 578 805 duos
592 740 730 817 fecunda
745 741 862 806 marito

181 827 351 906 Ediderat,
367 847 440 889 cum
454 830 549 888 nocte
564 825 671 889 iacens
687 826 827 908 suspirat
840 825 946 890 Iason.

181 911 252 976 Neo
263 911 401 1001 gemitus
413 910 536 974 latuere
548 929 691 993 magam:
715 915 849 1057 ‘quarng1
856 909 979 994 callide,
995 910 1082 975 frau-

789 1005 805 1028 ‘
850 1015 901 1057 em

182 1079 316 1155 Quodue
337 1078 429 1142 nefas
444 1076 608 1142 molirisl'
631 1077 677 1141 ait
693 1083 777 1142 ‘non
791 1077 878 1142 fallis
896 1081 1066 1143 amantem.

117 1177 170 1227 345
182 1163 299 1229 Dulcia
314 1157 408 1245 saepe
423 1162 504 1246 uigil
520 1165 722 1226 contrectans
736 1165 868 1244 pectora
883 1163 1001 1227 coniux

181 1247 315 1332 Agnoui
330 1247 406 1330 quia
420 1245 507 1309 furta
521 1267 614 1329 paras
630 1246 705 1329 quia
720 1251 827 1310 mente
841 1246 950 1331 fugaci
965 1253 968 1256 ’

179 1332 363 1397 infaustum
378 1329 601 1414 quodcumque
617 1329 723 1412 cupis:
746 1333 867 1393 secreta
881 1331 1032 1413 polorum

181 1416 367 1500 Cognosce,
384 1415 411 1478 si
426 1414 557 1478 morbus
573 1414 648 1496 erit,
664 1413 691 1477 si
706 1412 791 1476 bella
804 1417 975 1497 parentur,

181 1501 217 1566 si
232 1501 322 1584 pluet
336 1503 393 1563 aut
406 1499 536 1564 flamma
552 1499 675 1582 caelum
689 1497 843 1561 rutilante
858 1503 1019 1581 coruscet,

116 1599 169 1648 350
178 1585 224 1652 Et
237 1591 274 1649 tu
288 1582 434 1648 Medeam
450 1582 551 1646 credis
567 1583 644 1666 quia
657 1581 760 1665 fallis,
774 1581 912 1646 lason‘l’

163 1680 165 1682 ’
182 1669 274 1734 Tunc
289 1668 335 1732 sic
350 1667 529 1731 Aesonides
544 1663 688 1731 s'timulet
702 1687 784 1749 quae
800 1687 876 1730 cura
890 1666 1046 1731 medullas

180 1752 307 1818 Iudicat
322 1755 354 1816 et
367 1751 462 1836 pellis
477 1773 586 1815 causas
602 1750 654 1814 uel
669 1754 813 1833 tempore
828 1753 919 1815 tanto
957 1755 959 1762 '

184 1836 278 1914 Quod
291 1837 391 1900 lateat
405 1837 509 1900 socios
525 1836 580 1918 qui
592 1836 657 1898 iam
672 1834 718 1898 sic
732 1838 847 1920 regnat
861 1837 996 1919 amicus,

79 1983 89 1991 .
183 1921 418 2004 Consumptum
430 1942 526 2003 quem
539 1923 643 1984 morte
657 1923 776 2002 putant
789 1920 1014 2005 planguntque
1029 1941 1084 2003 pa·

826 2009 949 2069 rentes:

119 2104 169 2154 355
185 2089 356 2176 ‘Optarem
370 2089 513 2153 reuidere
529 2109 618 2152 meos
632 2088 813 2170 iterumque
827 2089 947 2152 reuerti

182 2174 235 2238 Ad
249 2174 424 2256 thelame,
439 2173 567 2319 rupina⁷
583 2177 671 2254 tuos,
687 2175 865 2235 monstrare
882 2171 1026 2255 Pelasgis

183 2258 267 2334 Quid
283 2259 400 2322 coniux
415 2257 471 2340 qui
506 2256 575 2319 fata
589 2254 728 2318 ualent’
756 2253 870 2319 Medea
887 2256 1003 2320 marito

184 2342 272 2406 ‘Iam
286 2343 408 2425 pariter
421 2344 609 2425 pergamus‘
627 2339 673 2403 ait
688 2339 750 2403 ‘sic
765 2359 862 2403 aurea
875 2338 969 2422 pellis

184 2426 325 2491 Tollitur
339 2428 376 2489 ut
389 2425 512 2489 lateant
526 2428 654 2488 uastum
669 2444 741 2486 mea
753 2422 841 2488 facta
855 2425 1048 2492 draconem?

120 2525 172 2574 360
182 2511 318 2576 Dixerat
333 2514 365 2574 et
379 2510 488 2574 stratis
502 2509 627 2592 rapitur
642 2508 701 2572 sub
717 2511 813 2572 nocte
828 2507 945 2572 silenti.

184 2599 284 2659 Astra
298 2615 419 2659 uocans
434 2597 467 2658 et
481 2594 574 2680 signa
588 2593 676 2674 ciens
695 2592 784 2657 iubet
798 2592 855 2656 illa
870 2590 1027 2676 Soporem

185 2681 236 2743 Ad
250 2701 364 2745 nemus
380 2679 419 2742 ad
434 2677 551 2762 pellem
567 2677 620 2742 uel
634 2676 789 2761 templum
805 2675 918 2741 Martis
937 2678 1040 2742 abire:
1098 2701 1132 2750 [ρ.
1145 2701 1180 2750 sa]

161 2773 167 2782 '
184 2764 369 2830 Dormierat
383 2784 515 2846 serpens
522 2812 531 2845 ‚
547 2762 641 2845 pellis
656 2763 819 2826 subtracta
832 2761 950 2826 marito

184 2848 335 2912 Traditur
350 2851 382 2912 et
396 2847 518 2931 pariter
532 2845 687 2930 fugerunt
700 2845 800 2909 fratre
815 2850 940 2910 necato.

120 2946 171 2994 aco
186 2932 360 3016 Accipiunt
374 2935 469 2996 natos
485 2933 517 2994 et
532 2930 659 3014 singula
673 2929 812 3012 pignora
825 2933 967 3012 portant.

189 3155 239 3206 338
262 3153 382 3204 laetatus
405 3167 473 3203 corr.
492 3151 589 3201 Bacch.
660 3153 710 3201 343
732 3150 772 3200 Ne
841 3153 891 3201 349
915 3150 993 3201 coelo
1016 3165 1086 3203 corr.

119 3220 218 3270 Buecl.
305 3217 855 3280 351Esonideslformacorruuecu.
947 3219 997 3268 353
1021 3219 1086 3284 quia

117 3289 169 3340 354
187 3286 436 3352 consumptumque
455 3287 496 3336 eui
511 3287 673 3349 corruptelae
690 3287 787 3350 sianum
804 3285 917 3335 additum
934 3293 973 3335 est
1036 3287 1086 3337 355

119 3353 262 3422 Optarem]
286 3371 368 3420 capra
394 3370 420 3403 m
443 3357 541 3404 literam
565 3355 730 3416 corruptelae
751 3359 813 3402 notu
835 3353 906 3416 picta
929 3360 968 3403 est
1036 3355 1086 3404 357

117 3425 182 3485 sort.
205 3428 270 3474 uota
291 3423 387 3472 Buect.
460 3422 509 3472 359
531 3418 657 3470 Tollatur
676 3418 679 3480 Ι
700 3424 764 3470 sata
841 3421 890 3470 362
916 3417 1085 3488 adpellem]

116 3491 182 3555 sort,
202 3505 235 3540 ac
254 3489 349 3542 Bueclr.
418 3491 468 3540 365
484 3488 549 3552 sort.
569 3502 663 3538 secum
