2576 3936
422 233 461 284 VI
479 234 597 285 90—122
626 236 680 286 VII
700 237 782 286 1-29

276 433 355 517 Eup.
370 428 619 518 Epithalamium
632 436 668 501 iu
681 434 839 502 fratribus
853 437 982 504 dictum.

258 605 329 674 Vll.
370 607 620 691 Epithalamium
647 605 776 705 Ioannis
801 598 995 676 et'Uitulae.

184 743 343 810 Carminis
358 741 451 808 Idalii
466 765 616 828 cuperem
630 766 717 811 nunc
733 745 838 810 ebrius
854 767 922 810 esse

181 829 351 896 Nobilium
365 827 515 892 thalamis
530 828 665 893 Fabiani
680 831 846 914 sanguinis
861 831 967 900 index,

184 912 278 989 Quod
292 913 373 976 mihi
388 913 416 976 si
430 912 509 976 felin
522 912 620 977 hodie
634 914 769 978 fortuna
783 914 930 998 dedisset,

181 997 260 1064 Non
274 996 455 1062 inhonorus
473 1019 559 1062 eram
575 997 630 1062 sed
645 998 737 1062 laude
752 999 936 1082 redemptus
952 1000 1083 1086 abirem,

152 1093 168 1142 5
183 1080 251 1145 Uer
266 1085 426 1145 recreatus
441 1101 540 1166 agens
555 1083 582 1162 si
596 1103 665 1146 non
679 1085 788 1147 11111111
803 1083 872 1167 ipse
887 1087 1028 1171 renatus,

181 1166 327 1230 Emerita
343 1165 486 1230 referens
501 1187 672 1250 generosas
687 1169 815 1251 auspice
831 1168 950 1250 laudes,

182 1251 227 1316 Et
243 1249 371 1314 Uitulae
388 1271 535 1314 canerem
549 1251 659 1315 taedas
673 1274 731 1334 per
745 1258 823 1316 uota
836 1252 969 1316 Ioannis

151 1341 153 1346 ’
181 1333 308 1398 Laurea
322 1337 407 1398 serta
422 1335 521 1400 comis
537 1335 676 1418 religans
692 1338 725 1398 11
738 1340 885 1418 tempora
900 1341 1016 1420 myrto,

182 1419 322 1483 Prodere
330 1419 657 1503 gestiremhaecquae
669 1441 757 1483 nunc
770 1424 911 1502 pernota
918 1424 1083 1504 geruntur.

133 1515 167 1564 10
182 1501 351 1567 (lantarem
368 1503 444 1586 quia
459 1501 572 1587 Oppiis
588 1503 677 1567 adest
690 1503 777 1568 bona
791 1508 893 1569 mater
907 1527 1062 1586 amorum,

182 1588 324 1671 Agmine
339 1587 497 1651 mollifluo
513 1587 631 1651 ducens
647 1610 704 1652 sua
715 1609 835 1672 pompa
851 1590 993 1674 characa,

181 1671 333 1755 Impubes
348 1672 486 1736 lasciuus
502 1676 594 1736 atrox
609 1673 771 1736 uiolentus
786 1679 951 1756 amoenus,

182 1755 238 1820 Lis
252 1756 340 1839 pacis
354 1756 534 1838 tacitusque
549 1756 676 1841 loquax,
692 1756 746 1820 fur
760 1758 907 1842 garrulus
923 1759 1035 1842 audax,

181 1837 297 1904 Nudus
312 1845 345 1904 et
359 1844 514 1922 armatus,
530 1839 617 1905 ferus
632 1844 665 1904 11
678 1847 764 1924 pius,
781 1843 946 1926 improbus
961 1843 1083 1928 insons,
1277 1903 1278 1912 ,

133 1935 166 1984 15
180 1921 226 1988 Et
235 1923 659 2008 quodamoriferum,secum
671 1925 758 1990 hunc
771 1926 897 1990 duxisse
909 1927 1083 1992 uolucrem.

184 2007 361 2092 Uulgarem
376 2009 451 2091 quia
465 2009 531 2072 tela
546 2009 631 2094 gerit
646 2011 762 2093 quibus
777 2015 889 2075 auctor
904 2011 1041 2075 Achillis

182 2095 316 2156 Auserat
330 2093 485 2158 Aeacides
500 2091 671 2177 Nymphae
686 2094 829 2159 radiatus
844 2117 962 2178 amore,

184 2175 313 2260 Spicula
329 2177 478 2242 dixissem
494 2179 610 2261 quibus
626 2178 705 2241 arsit
719 2178 838 2262 Apollo
854 2178 990 2242 disertus

183 2259 265 2325 Cum
279 2265 403 2344 peteret
417 2260 594 2345 Daphnen,
610 2260 707 2325 Liber
719 2262 835 2345 quibus
851 2265 971 2326 arserat
985 2262 1084 2328 Indus

131 2357 166 2405 20
182 2342 325 2409 Candida
339 2345 491 2409 Dictaeae
508 2367 580 2409 cum
595 2350 740 2410 cerneret
754 2367 809 2410 ora
823 2346 959 2429 puellae,

183 2427 245 2493 Uel
262 2429 378 2514 quibus
393 2431 461 2514 ipse
476 2430 568 2494 furor
583 2428 670 2494 Mars
686 2433 734 2494 111
748 2451 899 2494 accensus
915 2452 1023 2495 amore

182 2511 367 2578 Uestieolae
381 2515 495 2578 niueos
510 2517 634 2597 peteret
649 2535 721 2578 cum
737 2515 873 2600 uirginis
889 2518 987 2597 artus,

182 2596 230 2661 Ut
243 2597 334 2662 daret
349 2602 514 2662 aeteruum
529 2595 677 2663 Romana
692 2599 727 2662 im
742 2597 845 2664 saecla
862 2597 1032 2674 Quirinum

181 2680 226 2745 Et
240 2686 314 2765 post
328 2683 395 2746 fata
410 2683 486 2746 deos
501 2681 623 2747 faceret
636 2705 731 2767 super
746 2688 832 2748 astra
846 2688 1002 2749 senatum.

131 2777 165 2826 25
181 2764 243 2830 Sed
259 2767 335 2850 quia
349 2767 477 2849 captiuo
492 2766 542 2830 fas
556 2789 625 2832 non
640 2771 689 2832 111
704 2767 808 2832 dicere
826 2790 955 2833 carmen
1093 2787 1122 2840 lp·
1138 2786 1171 2838 11]

181 2849 250 2914 Ν11
264 2851 398 2914 reticere
414 2851 490 2914 licet
503 2850 621 2916 festiue
637 2852 831 2936 intempore
846 2853 926 2934 uati,
1140 2859 1141 2864 ’

181 2933 248 2998 Ista
265 2938 384 2999 canant
398 2935 490 3018 pueri
505 2935 561 3018 qui
576 2936 716 3000 carmine
732 2958 809 3000 uera
821 2934 1005 3021 loquentur,

182 3016 353 3083 Plausibus
369 3019 526 3083 insultent
541 3023 574 3083 11
587 3023 742 3103 tympana
756 3042 853 3084 rauca
867 3021 994 3105 puellae

181 3101 371 3168 Percutiant
385 3103 511 3187 palmis,
527 3103 636 3188 digitis
652 3105 710 3168 sub
726 3106 883 3169 arundine
898 3109 1014 3169 uentos

185 3259 201 3304 3
220 3257 309 3306 foelix
360 3259 377 3308 5
395 3257 468 3308 Uere
488 3261 599 3308 creatus
617 3256 682 3322 lead
695 3273 749 3309 non
762 3259 938 3310 comedumt.
990 3265 1051 3322 poci
1068 3261 1084 3311 8

115 3321 230 3385 fortasse
247 3327 326 3386 perlit
343 3341 433 3376 uersae
486 3327 516 3375 11
537 3341 587 3374 sua
602 3331 748 3390 corruptum
759 3327 862 3376 uidetur
909 3326 940 3374 15
958 3325 1083 3390 Telaque

118 3393 254 3454 temptauit
263 3389 359 3442 Buecll.
375 3393 380 3455 Ι
395 3393 498 3442 dixisse
552 3394 701 3443 1711111111
716 3391 720 3458 Ι
736 3393 848 3442 eacidee
898 3395 930 3442 19
939 3393 1084 3458 Daphnem

149 3457 337 3525 1011111111
359 3465 487 3510 cerneret
539 3461 570 3509 m
590 3475 682 3510 amare
740 3461 772 3510 27
792 3460 855 3524 quia
873 3475 942 3512 corr.
962 3460 1059 3510 Bueclr.

118 3526 271 3578 1911111111
288 3543 356 3580 corr.
375 3529 473 3579 Bacch.
